%%%%%%%%%%%%%%%%%%%%%%%%
%%%%% Introduction %%%%%
%%%%%%%%%%%%%%%%%%%%%%%%

@ARTICLE{LA93.1,
   author = {{Lacey}, C. and {Cole}, S.},
    title = "{Merger rates in hierarchical models of galaxy formation}",
  journal = {\mnras},
 keywords = {Astronomical Models, Galactic Evolution, Galactic Halos, Interacting Galaxies, Baryons, Dark Matter, Gravitational Effects, Monte Carlo Method},
     year = 1993,
    month = jun,
   volume = 262,
    pages = {627-649},
   adsurl = {http://adsabs.harvard.edu/abs/1993MNRAS.262..627L},
  adsnote = {Provided by the SAO/NASA Astrophysics Data System}
}
@ARTICLE{KA93.1,
   author = {{Kauffmann}, G. and {White}, S.~D.~M. and {Guiderdoni}, B.},
    title = "{The Formation and Evolution of Galaxies Within Merging Dark Matter Haloes}",
  journal = {\mnras},
     year = 1993,
    month = sep,
   volume = 264,
    pages = {201},
   adsurl = {http://adsabs.harvard.edu/abs/1993MNRAS.264..201K},
  adsnote = {Provided by the SAO/NASA Astrophysics Data System}
}

@ARTICLE{WH91.1,
   author = {{White}, S.~D.~M. and {Frenk}, C.~S.},
    title = "{Galaxy formation through hierarchical clustering}",
  journal = {\apj},
 keywords = {Galactic Clusters, Galactic Evolution, Galactic Structure, Star Distribution, Star Formation, Analytic Functions, Brightness Distribution, Cosmology, Dark Matter, Halos, Numerical Analysis},
     year = 1991,
    month = sep,
   volume = 379,
    pages = {52-79},
      doi = {10.1086/170483},
   adsurl = {http://adsabs.harvard.edu/abs/1991ApJ...379...52W},
  adsnote = {Provided by the SAO/NASA Astrophysics Data System}
}

@ARTICLE{BI99.1,
   author = {{Birkinshaw}, M.},
    title = "{The Sunyaev-Zel'dovich effect}",
  journal = {\physrep},
   eprint = {astro-ph/9808050},
     year = 1999,
    month = mar,
   volume = 310,
    pages = {97-195},
      doi = {10.1016/S0370-1573(98)00080-5},
   adsurl = {http://adsabs.harvard.edu/abs/1999PhR...310...97B},
  adsnote = {Provided by the SAO/NASA Astrophysics Data System}
}

@ARTICLE{SU72.1,
   author = {{Sunyaev}, R.~A. and {Zeldovich}, Y.~B.},
    title = "{The Observations of Relic Radiation as a Test of the Nature of X-Ray Radiation from the Clusters of Galaxies}",
  journal = {Comments on Astrophysics and Space Physics},
 keywords = {Cosmology, Microwave Background Radiation, Clusters of Galaxies, X-Ray Astronomy, Intergalactic Gas},
     year = 1972,
    month = nov,
   volume = 4,
    pages = {173},
   adsurl = {http://adsabs.harvard.edu/abs/1972CoASP...4..173S},
  adsnote = {Provided by the SAO/NASA Astrophysics Data System}
}

@ARTICLE{SP05.1,
   author = {{Springel}, V. and {White}, S.~D.~M. and {Jenkins}, A. and {Frenk}, C.~S. and 
	{Yoshida}, N. and {Gao}, L. and {Navarro}, J. and {Thacker}, R. and 
	{Croton}, D. and {Helly}, J. and {Peacock}, J.~A. and {Cole}, S. and 
	{Thomas}, P. and {Couchman}, H. and {Evrard}, A. and {Colberg}, J. and 
	{Pearce}, F.},
    title = "{Simulations of the formation, evolution and clustering of galaxies and quasars}",
  journal = {\nat},
   eprint = {astro-ph/0504097},
     year = 2005,
    month = jun,
   volume = 435,
    pages = {629-636},
      doi = {10.1038/nature03597},
   adsurl = {http://adsabs.harvard.edu/abs/2005Natur.435..629S},
  adsnote = {Provided by the SAO/NASA Astrophysics Data System}
}

@ARTICLE{ST10.1,
   author = {{Stanek}, R. and {Rasia}, E. and {Evrard}, A.~E. and {Pearce}, F. and 
	{Gazzola}, L.},
    title = "{Massive Halos in Millennium Gas Simulations: Multivariate Scaling Relations}",
  journal = {\apj},
archivePrefix = "arXiv",
   eprint = {0910.1599},
 keywords = {galaxies: clusters: general, galaxies: clusters: intracluster medium},
     year = 2010,
    month = jun,
   volume = 715,
    pages = {1508-1523},
      doi = {10.1088/0004-637X/715/2/1508},
   adsurl = {http://adsabs.harvard.edu/abs/2010ApJ...715.1508S},
  adsnote = {Provided by the SAO/NASA Astrophysics Data System}
}

@ARTICLE{BR07.1,
   author = {{Brunino}, R. and {Trujillo}, I. and {Pearce}, F.~R. and {Thomas}, P.~A.
	},
    title = "{The orientation of galaxy dark matter haloes around cosmic voids}",
  journal = {\mnras},
   eprint = {astro-ph/0609629},
 keywords = {methods: statistical, galaxies: formation, galaxies: haloes, galaxies: structure, dark matter, large-scale structure of Universe},
     year = 2007,
    month = feb,
   volume = 375,
    pages = {184-190},
      doi = {10.1111/j.1365-2966.2006.11282.x},
   adsurl = {http://adsabs.harvard.edu/abs/2007MNRAS.375..184B},
  adsnote = {Provided by the SAO/NASA Astrophysics Data System}
}

@ARTICLE{PA06.1,
   author = {{Patiri}, S.~G. and {Cuesta}, A.~J. and {Prada}, F. and {Betancort-Rijo}, J. and 
	{Klypin}, A.},
    title = "{The Alignment of Dark Matter Halos with the Cosmic Web}",
  journal = {\apjl},
   eprint = {astro-ph/0606415},
 keywords = {Cosmology: Dark Matter, Galaxies: Halos, Cosmology: Large-Scale Structure of Universe, Methods: Statistical},
     year = 2006,
    month = dec,
   volume = 652,
    pages = {L75-L78},
      doi = {10.1086/510330},
   adsurl = {http://adsabs.harvard.edu/abs/2006ApJ...652L..75P},
  adsnote = {Provided by the SAO/NASA Astrophysics Data System}
}

@ARTICLE{KL11.1,
   author = {{Klypin}, A.~A. and {Trujillo-Gomez}, S. and {Primack}, J.},
    title = "{Dark Matter Halos in the Standard Cosmological Model: Results from the Bolshoi Simulation}",
  journal = {\apj},
archivePrefix = "arXiv",
   eprint = {1002.3660},
 keywords = {cosmology: theory, large-scale structure of universe, methods: numerical},
     year = 2011,
    month = oct,
   volume = 740,
      eid = {102},
    pages = {102},
      doi = {10.1088/0004-637X/740/2/102},
   adsurl = {http://adsabs.harvard.edu/abs/2011ApJ...740..102K},
  adsnote = {Provided by the SAO/NASA Astrophysics Data System}
}


@ARTICLE{RO02.1,
   author = {{Rosati}, P. and {Borgani}, S. and {Norman}, C.},
    title = "{The Evolution of X-ray Clusters of Galaxies}",
  journal = {\araa},
   eprint = {astro-ph/0209035},
 keywords = {cosmology, intracluster medium, temperature, masses, dark matter},
     year = 2002,
   volume = 40,
    pages = {539-577},
      doi = {10.1146/annurev.astro.40.120401.150547},
   adsurl = {http://adsabs.harvard.edu/abs/2002ARA%26A..40..539R},
  adsnote = {Provided by the SAO/NASA Astrophysics Data System}
}

@ARTICLE{VO05.1,
   author = {{Voit}, G.~M.},
    title = "{Tracing cosmic evolution with clusters of galaxies}",
  journal = {Reviews of Modern Physics},
   eprint = {astro-ph/0410173},
 keywords = {Origin and formation of the Universe, Galaxy clusters, Superclusters, large-scale structure of the Universe, Particle-theory and field-theory models of the early Universe, Observational cosmology, Dark matter, Star formation, Relativity and gravitation, Elementary particle processes, Supernovae, Active and peculiar galaxies and related systems, Galactic nuclei circumnuclear matter and bulges, Surveys and tutorial papers, resource letters, Background radiations},
     year = 2005,
    month = apr,
   volume = 77,
    pages = {207-258},
      doi = {10.1103/RevModPhys.77.207},
   adsurl = {http://adsabs.harvard.edu/abs/2005RvMP...77..207V},
  adsnote = {Provided by the SAO/NASA Astrophysics Data System}
}

@ARTICLE{BO01.1,
   author = {{Borgani}, S. and {Guzzo}, L.},
    title = "{X-ray clusters of galaxies as tracers of structure in the Universe}",
  journal = {\nat},
   eprint = {astro-ph/0012439},
     year = 2001,
    month = jan,
   volume = 409,
    pages = {39-45},
   adsurl = {http://adsabs.harvard.edu/abs/2001Natur.409...39B},
  adsnote = {Provided by the SAO/NASA Astrophysics Data System}
}

@ARTICLE{MO01.1,
   author = {{Moscardini}, L. and {Matarrese}, S. and {Mo}, H.~J.},
    title = "{Constraining cosmological parameters with the clustering properties of galaxy clusters in optical and X-ray bands}",
  journal = {\mnras},
   eprint = {astro-ph/0009006},
 keywords = {GALAXIES: CLUSTERS: GENERAL, COSMOLOGY: THEORY, DARK MATTER, LARGE-SCALE STRUCTURE OF UNIVERSE, X-RAYS: GALAXIES},
     year = 2001,
    month = oct,
   volume = 327,
    pages = {422-434},
      doi = {10.1046/j.1365-8711.2001.04728.x},
   adsurl = {http://adsabs.harvard.edu/abs/2001MNRAS.327..422M},
  adsnote = {Provided by the SAO/NASA Astrophysics Data System}
}

@ARTICLE{FA91.1,
   author = {{Fabian}, A.~C.},
    title = "{On the baryon content of the Shapley Supercluster}",
  journal = {\mnras},
 keywords = {Baryons, Galactic Clusters, Galactic Structure, X Ray Astronomy, Gravitational Effects, Hubble Constant, Mass Distribution, Nuclear Fusion},
     year = 1991,
    month = dec,
   volume = 253,
    pages = {29P},
   adsurl = {http://adsabs.harvard.edu/abs/1991MNRAS.253P..29F},
  adsnote = {Provided by the SAO/NASA Astrophysics Data System}
}

@ARTICLE{WH93.1,
   author = {{White}, S.~D.~M. and {Navarro}, J.~F. and {Evrard}, A.~E. and 
	{Frenk}, C.~S.},
    title = "{The baryon content of galaxy clusters: a challenge to cosmological orthodoxy}",
  journal = {\nat},
     year = 1993,
    month = dec,
   volume = 366,
    pages = {429-433},
      doi = {10.1038/366429a0},
   adsurl = {http://adsabs.harvard.edu/abs/1993Natur.366..429W},
  adsnote = {Provided by the SAO/NASA Astrophysics Data System}
}

@ARTICLE{Planck2015,
   author = {{Planck Collaboration} and {Ade}, P.~A.~R. and {Aghanim}, N. and 
	{Arnaud}, M. and {Ashdown}, M. and {Aumont}, J. and {Baccigalupi}, C. and 
	{Banday}, A.~J. and {Barreiro}, R.~B. and {Bartlett}, J.~G. and et al.},
    title = "{Planck 2015 results. XIII. Cosmological parameters}",
  journal = {ArXiv e-prints},
archivePrefix = "arXiv",
   eprint = {1502.01589},
 keywords = {Astrophysics - Cosmology and Nongalactic Astrophysics},
     year = 2015,
    month = feb,
   adsurl = {http://adsabs.harvard.edu/abs/2015arXiv150201589P},
  adsnote = {Provided by the SAO/NASA Astrophysics Data System}
}

@ARTICLE{GI13.1,
   author = {{Giodini}, S. and {Lovisari}, L. and {Pointecouteau}, E. and 
	{Ettori}, S. and {Reiprich}, T.~H. and {Hoekstra}, H.},
    title = "{Scaling Relations for Galaxy Clusters: Properties and Evolution}",
  journal = {\ssr},
archivePrefix = "arXiv",
   eprint = {1305.3286},
 keywords = {Galaxy clusters, Large-scale structure of the Universe, Intracluster matter},
     year = 2013,
    month = aug,
   volume = 177,
    pages = {247-282},
      doi = {10.1007/s11214-013-9994-5},
   adsurl = {http://adsabs.harvard.edu/abs/2013SSRv..177..247G},
  adsnote = {Provided by the SAO/NASA Astrophysics Data System}
}

@ARTICLE{VI09.1,
   author = {{Vikhlinin}, A. and {Burenin}, R.~A. and {Ebeling}, H. and {Forman}, W.~R. and 
	{Hornstrup}, A. and {Jones}, C. and {Kravtsov}, A.~V. and {Murray}, S.~S. and 
	{Nagai}, D. and {Quintana}, H. and {Voevodkin}, A.},
    title = "{Chandra Cluster Cosmology Project. II. Samples and X-Ray Data Reduction}",
  journal = {\apj},
archivePrefix = "arXiv",
   eprint = {0805.2207},
 keywords = {catalogs, galaxies: clusters: general, surveys, X-rays: galaxies},
     year = 2009,
    month = feb,
   volume = 692,
    pages = {1033-1059},
      doi = {10.1088/0004-637X/692/2/1033},
   adsurl = {http://adsabs.harvard.edu/abs/2009ApJ...692.1033V},
  adsnote = {Provided by the SAO/NASA Astrophysics Data System}
}


%%%%%%%%%%%%%%%%%%%%%%%
%%%%% First Paper %%%%%
%%%%%%%%%%%%%%%%%%%%%%%

@ARTICLE{PlanckCosmoParams2013,
   author = {{Planck Collaboration} and {Ade}, P.~A.~R. and {Aghanim}, N. and 
	{Armitage-Caplan}, C. and {Arnaud}, M. and {Ashdown}, M. and 
	{Atrio-Barandela}, F. and {Aumont}, J. and {Baccigalupi}, C. and 
	{Banday}, A.~J. and et al.},
    title = "{Planck 2013 results. XVI. Cosmological parameters}",
  journal = {ArXiv e-prints},
archivePrefix = "arXiv",
   eprint = {1303.5076},
 primaryClass = "astro-ph.CO",
 keywords = {Astrophysics - Cosmology and Extragalactic Astrophysics},
     year = 2013,
    month = mar,
   adsurl = {http://adsabs.harvard.edu/abs/2013arXiv1303.5076P},
  adsnote = {Provided by the SAO/NASA Astrophysics Data System}
}

@ARTICLE{BertoneEtAl2005,
   author = {{Bertone}, G. and {Hooper}, D. and {Silk}, J.},
    title = "{Particle dark matter: evidence, candidates and constraints}",
  journal = {\physrep},
   eprint = {arXiv:hep-ph/0404175},
     year = 2005,
    month = jan,
   volume = 405,
    pages = {279-390},
      doi = {10.1016/j.physrep.2004.08.031},
   adsurl = {http://adsabs.harvard.edu/abs/2005PhR...405..279B},
  adsnote = {Provided by the SAO/NASA Astrophysics Data System}
}

@ARTICLE{ShawEtAl2006,
   author = {{Shaw}, L.~D. and {Weller}, J. and {Ostriker}, J.~P. and {Bode}, P.
	},
    title = "{Statistics of Physical Properties of Dark Matter Clusters}",
  journal = {\apj},
   eprint = {arXiv:astro-ph/0509856},
 keywords = {Cosmology: Dark Matter, Galaxies: Clusters: General, Methods: n-Body Simulations},
     year = 2006,
    month = aug,
   volume = 646,
    pages = {815-833},
      doi = {10.1086/505016},
   adsurl = {http://adsabs.harvard.edu/abs/2006ApJ...646..815S},
  adsnote = {Provided by the SAO/NASA Astrophysics Data System}
}

@ARTICLE{WarrenEtAl1992,
   author = {{Warren}, M.~S. and {Quinn}, P.~J. and {Salmon}, J.~K. and {Zurek}, W.~H.
	},
    title = "{Dark halos formed via dissipationless collapse. I - Shapes and alignment of angular momentum}",
  journal = {\apj},
 keywords = {ANGULAR MOMENTUM, DARK MATTER, GRAVITATIONAL COLLAPSE, MANY BODY PROBLEM, COMPUTATIONAL ASTROPHYSICS, HALOS},
     year = 1992,
    month = nov,
   volume = 399,
    pages = {405-425},
      doi = {10.1086/171937},
   adsurl = {http://adsabs.harvard.edu/abs/1992ApJ...399..405W},
  adsnote = {Provided by the SAO/NASA Astrophysics Data System}
}

@ARTICLE{HayashiEtAl2007,
   author = {{Hayashi}, E. and {Navarro}, J.~F. and {Springel}, V.},
    title = "{The shape of the gravitational potential in cold dark matter haloes}",
  journal = {\mnras},
   eprint = {arXiv:astro-ph/0612327},
 keywords = {galaxies: formation, galaxies: kinematics and dynamics, galaxies: spiral, cosmology: theory, dark matter},
     year = 2007,
    month = may,
   volume = 377,
    pages = {50-62},
      doi = {10.1111/j.1365-2966.2007.11599.x},
   adsurl = {http://adsabs.harvard.edu/abs/2007MNRAS.377...50H},
  adsnote = {Provided by the SAO/NASA Astrophysics Data System}
}

@ARTICLE{JingSuto2002,
   author = {{Jing}, Y.~P. and {Suto}, Y.},
    title = "{Triaxial Modeling of Halo Density Profiles with High-Resolution N-Body Simulations}",
  journal = {\apj},
   eprint = {arXiv:astro-ph/0202064},
 keywords = {Cosmology: Theory, Cosmology: Dark Matter, Galaxies: Clusters: General, Galaxies: Halos, Methods: Numerical},
     year = 2002,
    month = aug,
   volume = 574,
    pages = {538-553},
      doi = {10.1086/341065},
   adsurl = {http://adsabs.harvard.edu/abs/2002ApJ...574..538J},
  adsnote = {Provided by the SAO/NASA Astrophysics Data System}
}

@ARTICLE{BailinSteinmetz2004,
   author = {{Bailin}, J. and {Steinmetz}, M.},
    title = "{Figure Rotation of Cosmological Dark Matter Halos}",
  journal = {\apj},
   eprint = {arXiv:astro-ph/0405442},
 keywords = {Cosmology: Dark Matter, Galaxies: Evolution, Galaxies: Formation, Galaxies: Individual: NGC Number: NGC 2915, Galaxies: Kinematics and Dynamics, Galaxies: Structure},
     year = 2004,
    month = nov,
   volume = 616,
    pages = {27-39},
      doi = {10.1086/424912},
   adsurl = {http://adsabs.harvard.edu/abs/2004ApJ...616...27B},
  adsnote = {Provided by the SAO/NASA Astrophysics Data System}
}

@ARTICLE{BailinSteinmetz2005,
   author = {{Bailin}, J. and {Steinmetz}, M.},
    title = "{Internal and External Alignment of the Shapes and Angular Momenta of {$\Lambda$}CDM Halos}",
  journal = {\apj},
   eprint = {astro-ph/0408163},
 keywords = {Cosmology: Dark Matter, Galaxies: Clusters: General, Galaxies: Formation, Galaxies: Halos, Galaxies: Structure, Methods: n-Body Simulations},
     year = 2005,
    month = jul,
   volume = 627,
    pages = {647-665},
      doi = {10.1086/430397},
   adsurl = {http://adsabs.harvard.edu/abs/2005ApJ...627..647B},
  adsnote = {Provided by the SAO/NASA Astrophysics Data System}
}

@ARTICLE{NFW1996,
   author = {{Navarro}, J.~F. and {Frenk}, C.~S. and {White}, S.~D.~M.},
    title = "{The Structure of Cold Dark Matter Halos}",
  journal = {\apj},
   eprint = {arXiv:astro-ph/9508025},
 keywords = {COSMOLOGY: THEORY, COSMOLOGY: DARK MATTER, GALAXIES: HALOS, METHODS: NUMERICAL},
     year = 1996,
    month = may,
   volume = 462,
    pages = {563},
      doi = {10.1086/177173},
   adsurl = {http://adsabs.harvard.edu/abs/1996ApJ...462..563N},
  adsnote = {Provided by the SAO/NASA Astrophysics Data System}
}

@ARTICLE{FrenkEtAl1988,
   author = {{Frenk}, C.~S. and {White}, S.~D.~M. and {Davis}, M. and {Efstathiou}, G.
	},
    title = "{The formation of dark halos in a universe dominated by cold dark matter}",
  journal = {\apj},
 keywords = {COSMOLOGY, DARK MATTER, GALACTIC EVOLUTION, GALACTIC STRUCTURE, SPIRAL GALAXIES, STELLAR LUMINOSITY, ASTRONOMICAL MODELS, COMPUTATIONAL ASTROPHYSICS, GALACTIC CLUSTERS, MORPHOLOGY, UNIVERSE},
     year = 1988,
    month = apr,
   volume = 327,
    pages = {507-525},
      doi = {10.1086/166213},
   adsurl = {http://adsabs.harvard.edu/abs/1988ApJ...327..507F},
  adsnote = {Provided by the SAO/NASA Astrophysics Data System}
}

@ARTICLE{BullockEtAl2001,
   author = {{Bullock}, J.~S. and {Kolatt}, T.~S. and {Sigad}, Y. and {Somerville}, R.~S. and 
	{Kravtsov}, A.~V. and {Klypin}, A.~A. and {Primack}, J.~R. and 
	{Dekel}, A.},
    title = "{Profiles of dark haloes: evolution, scatter and environment}",
  journal = {\mnras},
   eprint = {arXiv:astro-ph/9908159},
 keywords = {GALAXIES: FORMATION, GALAXIES: STRUCTURE, COSMOLOGY: THEORY, DARK MATTER, galaxies: formation, galaxies: structure, cosmology: theory, dark matter},
     year = 2001,
    month = mar,
   volume = 321,
    pages = {559-575},
      doi = {10.1046/j.1365-8711.2001.04068.x},
   adsurl = {http://adsabs.harvard.edu/abs/2001MNRAS.321..559B},
  adsnote = {Provided by the SAO/NASA Astrophysics Data System}
}

@ARTICLE{HennawiEtAl2007,
   author = {{Hennawi}, J.~F. and {Dalal}, N. and {Bode}, P. and {Ostriker}, J.~P.
	},
    title = "{Characterizing the Cluster Lens Population}",
  journal = {\apj},
   eprint = {arXiv:astro-ph/0506171},
 keywords = {Cosmology: Theory, Cosmology: Dark Matter, Galaxies: Clusters: General, Cosmology: Gravitational Lensing, Cosmology: Large-Scale Structure of Universe, Methods: Numerical},
     year = 2007,
    month = jan,
   volume = 654,
    pages = {714-730},
      doi = {10.1086/497362},
   adsurl = {http://adsabs.harvard.edu/abs/2007ApJ...654..714H},
  adsnote = {Provided by the SAO/NASA Astrophysics Data System}
}

@ARTICLE{PradaEtAl2012,
   author = {{Prada}, F. and {Klypin}, A.~A. and {Cuesta}, A.~J. and {Betancort-Rijo}, J.~E. and 
	{Primack}, J.},
    title = "{Halo concentrations in the standard {$\Lambda$} cold dark matter cosmology}",
  journal = {\mnras},
archivePrefix = "arXiv",
   eprint = {1104.5130},
 primaryClass = "astro-ph.CO",
 keywords = {galaxies: haloes, cosmology: theory, dark matter},
     year = 2012,
    month = jul,
   volume = 423,
    pages = {3018-3030},
      doi = {10.1111/j.1365-2966.2012.21007.x},
   adsurl = {http://adsabs.harvard.edu/abs/2012MNRAS.423.3018P},
  adsnote = {Provided by the SAO/NASA Astrophysics Data System}
}

@ARTICLE{SerenoEtAl2010b,
   author = {{Sereno}, M. and {Jetzer}, P. and {Lubini}, M.},
    title = "{On the overconcentration problem of strong lensing clusters}",
  journal = {\mnras},
archivePrefix = "arXiv",
   eprint = {1001.1696},
 primaryClass = "astro-ph.CO",
 keywords = {gravitational lensing, methods: statistical, galaxies: clusters: general, cosmology: observations},
     year = 2010,
    month = apr,
   volume = 403,
    pages = {2077-2087},
      doi = {10.1111/j.1365-2966.2010.16248.x},
   adsurl = {http://adsabs.harvard.edu/abs/2010MNRAS.403.2077S},
  adsnote = {Provided by the SAO/NASA Astrophysics Data System}
}

@ARTICLE{SerenoEtAl2010a,
   author = {{Sereno}, M. and {Lubini}, M. and {Jetzer}, P.},
    title = "{A multiwavelength strong lensing analysis of baryons and dark matter in the dynamically active cluster AC 114}",
  journal = {\aap},
archivePrefix = "arXiv",
   eprint = {0904.0018},
 primaryClass = "astro-ph.CO",
 keywords = {galaxies: clusters: general, X-rays: galaxies: clusters, gravitational lensing: strong},
     year = 2010,
    month = jul,
   volume = 518,
      eid = {A55},
    pages = {A55},
      doi = {10.1051/0004-6361/200913843},
   adsurl = {http://adsabs.harvard.edu/abs/2010A%26A...518A..55S},
  adsnote = {Provided by the SAO/NASA Astrophysics Data System}
}

@ARTICLE{Sereno2007,
   author = {{Sereno}, M.},
    title = "{On the deprojection of clusters of galaxies combining X-ray, Sunyaev-Zeldovich temperature decrement and gravitational lensing maps}",
  journal = {\mnras},
archivePrefix = "arXiv",
   eprint = {0707.0572},
 keywords = {gravitational lensing, galaxies: clusters: general, cosmic microwave background, cosmology: observations, distance scale, X-rays: galaxies: clusters},
     year = 2007,
    month = sep,
   volume = 380,
    pages = {1207-1218},
      doi = {10.1111/j.1365-2966.2007.12171.x},
   adsurl = {http://adsabs.harvard.edu/abs/2007MNRAS.380.1207S},
  adsnote = {Provided by the SAO/NASA Astrophysics Data System}
}

@ARTICLE{Stark1977,
   author = {{Stark}, A.~A.},
    title = "{Triaxial Models of the Bulge of M31}",
  journal = {\apj},
     year = 1977,
    month = apr,
   volume = 213,
    pages = {368-373},
      doi = {10.1086/155164},
   adsurl = {http://adsabs.harvard.edu/abs/1977ApJ...213..368S},
  adsnote = {Provided by the SAO/NASA Astrophysics Data System}
}

@ARTICLE{Doroshkevich1970,
   author = {{Doroshkevich}, A.~G.},
    title = "{Spatial structure of perturbations and origin of galactic rotation in fluctuation theory}",
  journal = {Astrophysics},
     year = 1970,
    month = oct,
   volume = 6,
    pages = {320-330},
      doi = {10.1007/BF01001625},
   adsurl = {http://adsabs.harvard.edu/abs/1970Ap......6..320D},
  adsnote = {Provided by the SAO/NASA Astrophysics Data System}
}

@ARTICLE{Kravtsov1997,
   author = {{Kravtsov}, A.~V. and {Klypin}, A.~A. and {Khokhlov}, A.~M.},
    title = "{Adaptive Refinement Tree: A New High-Resolution N-Body Code for Cosmological Simulations}",
  journal = {\apjs},
   eprint = {arXiv:astro-ph/9701195},
 keywords = {METHODS: NUMERICAL, COSMOLOGY: THEORY, COSMOLOGY: DARK MATTER},
     year = 1997,
    month = jul,
   volume = 111,
    pages = {73},
      doi = {10.1086/313015},
   adsurl = {http://adsabs.harvard.edu/abs/1997ApJS..111...73K},
  adsnote = {Provided by the SAO/NASA Astrophysics Data System}
}

@ARTICLE{Binggeli1980,
   author = {{Binggeli}, B.},
    title = "{On the intrinsic shape of elliptical galaxies}",
  journal = {\aap},
 keywords = {ASTRONOMICAL MODELS, ELLIPTICAL GALAXIES, FLATNESS, GALACTIC STRUCTURE, DISTRIBUTION FUNCTIONS, OBLATE SPHEROIDS, STATISTICAL DISTRIBUTIONS},
     year = 1980,
    month = feb,
   volume = 82,
    pages = {289-294},
   adsurl = {http://adsabs.harvard.edu/abs/1980A%26A....82..289B},
  adsnote = {Provided by the SAO/NASA Astrophysics Data System}
}

@ARTICLE{BaheEtAl2012,
   author = {{Bah{\'e}}, Y.~M. and {McCarthy}, I.~G. and {King}, L.~J.},
    title = "{Mock weak lensing analysis of simulated galaxy clusters: bias and scatter in mass and concentration}",
  journal = {\mnras},
archivePrefix = "arXiv",
   eprint = {1106.2046},
 primaryClass = "astro-ph.CO",
 keywords = {gravitational lensing: weak, galaxies: clusters: general, galaxies: groups: general, cosmology: theory},
     year = 2012,
    month = apr,
   volume = 421,
    pages = {1073-1088},
      doi = {10.1111/j.1365-2966.2011.20364.x},
   adsurl = {http://adsabs.harvard.edu/abs/2012MNRAS.421.1073B},
  adsnote = {Provided by the SAO/NASA Astrophysics Data System}
}

@ARTICLE{OguriBlandford2009,
   author = {{Oguri}, M. and {Blandford}, R.~D.},
    title = "{What is the largest Einstein radius in the universe?}",
  journal = {\mnras},
archivePrefix = "arXiv",
   eprint = {0808.0192},
 keywords = {gravitational lensing , galaxies: clusters: general , cosmology: theory , dark matter},
     year = 2009,
    month = jan,
   volume = 392,
    pages = {930-944},
      doi = {10.1111/j.1365-2966.2008.14154.x},
   adsurl = {http://adsabs.harvard.edu/abs/2009MNRAS.392..930O},
  adsnote = {Provided by the SAO/NASA Astrophysics Data System}
}

@INPROCEEDINGS{FabricantEtAl1985,
   author = {{Fabricant}, D. and {Rybicki}, G. and {Gorenstein}, P.},
    title = "{X-ray measurements of the aspherical mass distribution in the clusterof galaxies A 2256.}",
 keywords = {Clusters of Galaxies:Mass Distribution, Clusters of Galaxies:X-Ray Maps, X-Ray Maps:Clusters of Galaxies},
booktitle = {X-ray Astronomy '84},
     year = 1985,
   editor = {{Oda}, M. and {Giacconi}, R.},
    pages = {381-386},
   adsurl = {http://adsabs.harvard.edu/abs/1985xra..conf..381F},
  adsnote = {Provided by the SAO/NASA Astrophysics Data System}
}

@ARTICLE{LauEtAl2012,
   author = {{Lau}, E.~T. and {Nagai}, D. and {Kravtsov}, A.~V. and {Vikhlinin}, A. and 
	{Zentner}, A.~R.},
    title = "{Constraining Cluster Physics with the Shape of X-Ray Clusters: Comparison of Local X-Ray Clusters Versus {$\Lambda$}CDM Clusters}",
  journal = {\apj},
archivePrefix = "arXiv",
   eprint = {1201.2168},
 primaryClass = "astro-ph.CO",
 keywords = {galaxies: clusters: general, X-rays: galaxies: clusters},
     year = 2012,
    month = aug,
   volume = 755,
      eid = {116},
    pages = {116},
      doi = {10.1088/0004-637X/755/2/116},
   adsurl = {http://adsabs.harvard.edu/abs/2012ApJ...755..116L},
  adsnote = {Provided by the SAO/NASA Astrophysics Data System}
}

@ARTICLE{LimousinEtAl2013,
   author = {{Limousin}, M. and {Morandi}, A. and {Sereno}, M. and {Meneghetti}, M. and 
	{Ettori}, S. and {Bartelmann}, M. and {Verdugo}, T.},
    title = "{The Three-Dimensional Shapes of Galaxy Clusters}",
  journal = {\ssr},
archivePrefix = "arXiv",
   eprint = {1210.3067},
 primaryClass = "astro-ph.CO",
 keywords = {Cosmology, Galaxy clusters, Triaxiality, Gravitational lensing, X-Rays, Sunyaev Zel'dovich},
     year = 2013,
    month = aug,
   volume = 177,
    pages = {155-194},
      doi = {10.1007/s11214-013-9980-y},
   adsurl = {http://adsabs.harvard.edu/abs/2013SSRv..177..155L},
  adsnote = {Provided by the SAO/NASA Astrophysics Data System}
}


@ARTICLE{JS2002,
   author = {{Jing}, Y.~P. and {Suto}, Y.},
    title = "{Triaxial Modeling of Halo Density Profiles with High-Resolution N-Body Simulations}",
  journal = {\apj},
   eprint = {arXiv:astro-ph/0202064},
 keywords = {Cosmology: Theory, Cosmology: Dark Matter, Galaxies: Clusters: General, Galaxies: Halos, Methods: Numerical},
     year = 2002,
    month = aug,
   volume = 574,
    pages = {538-553},
      doi = {10.1086/341065},
   adsurl = {http://adsabs.harvard.edu/abs/2002ApJ...574..538J},
  adsnote = {Provided by the SAO/NASA Astrophysics Data System}
}

@ARTICLE{CarterMetcalfe1980,
   author = {{Carter}, D. and {Metcalfe}, N.},
    title = "{The morphology of clusters of galaxies}",
  journal = {\mnras},
 keywords = {ASTRONOMICAL PHOTOMETRY, ELLIPTICAL GALAXIES, GALACTIC CLUSTERS, GALACTIC STRUCTURE, GALACTIC EVOLUTION, MAGNITUDE, MORPHOLOGY, PERTURBATION THEORY, RADII},
     year = 1980,
    month = may,
   volume = 191,
    pages = {325-337},
   adsurl = {http://adsabs.harvard.edu/abs/1980MNRAS.191..325C},
  adsnote = {Provided by the SAO/NASA Astrophysics Data System}
}

@ARTICLE{Binggeli1982,
   author = {{Binggeli}, B.},
    title = "{The shape and orientation of clusters of galaxies}",
  journal = {\aap},
 keywords = {ASTRONOMICAL COORDINATES, ELLIPTICAL GALAXIES, GALACTIC CLUSTERS, GALACTIC EVOLUTION, GALACTIC STRUCTURE, SPATIAL DISTRIBUTION, ASTRONOMICAL MODELS, GALACTIC ROTATION, MONTE CARLO METHOD, SHAPES, STAR DISTRIBUTION},
     year = 1982,
    month = mar,
   volume = 107,
    pages = {338-349},
   adsurl = {http://adsabs.harvard.edu/abs/1982A%26A...107..338B},
  adsnote = {Provided by the SAO/NASA Astrophysics Data System}
}

@ARTICLE{EvansBridle2009,
   author = {{Evans}, A.~K.~D. and {Bridle}, S.},
    title = "{A Detection of Dark Matter Halo Ellipticity using Galaxy Cluster Lensing in the SDSS}",
  journal = {\apj},
archivePrefix = "arXiv",
   eprint = {0806.2723},
 keywords = {cosmology: observations, dark matter, galaxies: clusters: general, galaxies: halos, large-scale structure of universe},
     year = 2009,
    month = apr,
   volume = 695,
    pages = {1446-1456},
      doi = {10.1088/0004-637X/695/2/1446},
   adsurl = {http://adsabs.harvard.edu/abs/2009ApJ...695.1446E},
  adsnote = {Provided by the SAO/NASA Astrophysics Data System}
}

@ARTICLE{OguriEtAl2010,
   author = {{Oguri}, M. and {Takada}, M. and {Okabe}, N. and {Smith}, G.~P.
	},
    title = "{Direct measurement of dark matter halo ellipticity from two-dimensional lensing shear maps of 25 massive clusters}",
  journal = {\mnras},
archivePrefix = "arXiv",
   eprint = {1004.4214},
 primaryClass = "astro-ph.CO",
 keywords = {dark matter, galaxies: clusters: general, gravitational lensing: weak},
     year = 2010,
    month = jul,
   volume = 405,
    pages = {2215-2230},
      doi = {10.1111/j.1365-2966.2010.16622.x},
   adsurl = {http://adsabs.harvard.edu/abs/2010MNRAS.405.2215O},
  adsnote = {Provided by the SAO/NASA Astrophysics Data System}
}

@ARTICLE{OguriEtAl2012,
   author = {{Oguri}, M. and {Bayliss}, M.~B. and {Dahle}, H. and {Sharon}, K. and 
	{Gladders}, M.~D. and {Natarajan}, P. and {Hennawi}, J.~F. and 
	{Koester}, B.~P.},
    title = "{Combined strong and weak lensing analysis of 28 clusters from the Sloan Giant Arcs Survey}",
  journal = {\mnras},
archivePrefix = "arXiv",
   eprint = {1109.2594},
 primaryClass = "astro-ph.CO",
 keywords = {gravitational lensing: strong, gravitational lensing: weak, galaxies: clusters: general, dark matter},
     year = 2012,
    month = mar,
   volume = 420,
    pages = {3213-3239},
      doi = {10.1111/j.1365-2966.2011.20248.x},
   adsurl = {http://adsabs.harvard.edu/abs/2012MNRAS.420.3213O},
  adsnote = {Provided by the SAO/NASA Astrophysics Data System}
}

@ARTICLE{DubinskiCarlberg1991,
   author = {{Dubinski}, J. and {Carlberg}, R.~G.},
    title = "{The structure of cold dark matter halos}",
  journal = {\apj},
 keywords = {COMPUTATIONAL ASTROPHYSICS, DARK MATTER, GALACTIC STRUCTURE, GRAVITATIONAL COLLAPSE, HALOS, MANY BODY PROBLEM, COMPUTERIZED SIMULATION, PARTICLE DENSITY (CONCENTRATION), TIDES},
     year = 1991,
    month = sep,
   volume = 378,
    pages = {496-503},
      doi = {10.1086/170451},
   adsurl = {http://adsabs.harvard.edu/abs/1991ApJ...378..496D},
  adsnote = {Provided by the SAO/NASA Astrophysics Data System}
}

@ARTICLE{ColeLacey1996,
   author = {{Cole}, S. and {Lacey}, C.},
    title = "{The structure of dark matter haloes in hierarchical clustering models}",
  journal = {\mnras},
   eprint = {astro-ph/9510147},
 keywords = {cosmology: theory - dark matter},
     year = 1996,
    month = jul,
   volume = 281,
    pages = {716},
   adsurl = {http://adsabs.harvard.edu/abs/1996MNRAS.281..716C},
  adsnote = {Provided by the SAO/NASA Astrophysics Data System}
}

@ARTICLE{HopkinsEtAl2005,
   author = {{Hopkins}, P.~F. and {Bahcall}, N.~A. and {Bode}, P.},
    title = "{Cluster Alignments and Ellipticities in {$\Lambda$}CDM Cosmology}",
  journal = {\apj},
   eprint = {astro-ph/0409652},
 keywords = {Cosmology: Theory, Galaxies: Clusters: General, Cosmology: Large-Scale Structure of Universe},
     year = 2005,
    month = jan,
   volume = 618,
    pages = {1-15},
      doi = {10.1086/425993},
   adsurl = {http://adsabs.harvard.edu/abs/2005ApJ...618....1H},
  adsnote = {Provided by the SAO/NASA Astrophysics Data System}
}

@ARTICLE{KasunEvrard2005,
   author = {{Kasun}, S.~F. and {Evrard}, A.~E.},
    title = "{Shapes and Alignments of Galaxy Cluster Halos}",
  journal = {\apj},
   eprint = {astro-ph/0408056},
 keywords = {Cosmology: Theory, Galaxies: Clusters: General, Cosmology: Large-Scale Structure of Universe},
     year = 2005,
    month = aug,
   volume = 629,
    pages = {781-790},
      doi = {10.1086/430811},
   adsurl = {http://adsabs.harvard.edu/abs/2005ApJ...629..781K},
  adsnote = {Provided by the SAO/NASA Astrophysics Data System}
}

@ARTICLE{PazEtAl2006,
   author = {{Paz}, D.~J. and {Lambas}, D.~G. and {Padilla}, N. and {Merch{\'a}n}, M.
	},
    title = "{Shapes of clusters and groups of galaxies: comparison of model predictions with observations}",
  journal = {\mnras},
   eprint = {astro-ph/0509062},
 keywords = {methods: N-body simulations, galaxies: kinematics and dynamics, cosmology: theory, large-scale structure of Universe},
     year = 2006,
    month = mar,
   volume = 366,
    pages = {1503-1510},
      doi = {10.1111/j.1365-2966.2005.09934.x},
   adsurl = {http://adsabs.harvard.edu/abs/2006MNRAS.366.1503P},
  adsnote = {Provided by the SAO/NASA Astrophysics Data System}
}

@ARTICLE{AllgoodEtAl2006,
   author = {{Allgood}, B. and {Flores}, R.~A. and {Primack}, J.~R. and {Kravtsov}, A.~V. and 
	{Wechsler}, R.~H. and {Faltenbacher}, A. and {Bullock}, J.~S.
	},
    title = "{The shape of dark matter haloes: dependence on mass, redshift, radius and formation}",
  journal = {\mnras},
   eprint = {astro-ph/0508497},
 keywords = {galaxies: formation, galaxies: haloes, cosmology: theory, large-scale structure of Universe},
     year = 2006,
    month = apr,
   volume = 367,
    pages = {1781-1796},
      doi = {10.1111/j.1365-2966.2006.10094.x},
   adsurl = {http://adsabs.harvard.edu/abs/2006MNRAS.367.1781A},
  adsnote = {Provided by the SAO/NASA Astrophysics Data System}
}

@ARTICLE{BettEtAl2007,
   author = {{Bett}, P. and {Eke}, V. and {Frenk}, C.~S. and {Jenkins}, A. and 
	{Helly}, J. and {Navarro}, J.},
    title = "{The spin and shape of dark matter haloes in the Millennium simulation of a {$\Lambda$} cold dark matter universe}",
  journal = {\mnras},
   eprint = {astro-ph/0608607},
 keywords = {methods: N-body simulations, galaxies: haloes, dark matter},
     year = 2007,
    month = mar,
   volume = 376,
    pages = {215-232},
      doi = {10.1111/j.1365-2966.2007.11432.x},
   adsurl = {http://adsabs.harvard.edu/abs/2007MNRAS.376..215B},
  adsnote = {Provided by the SAO/NASA Astrophysics Data System}
}

@ARTICLE{MunozEtAl2011,
   author = {{Mu{\~n}oz-Cuartas}, J.~C. and {Macci{\`o}}, A.~V. and {Gottl{\"o}ber}, S. and 
	{Dutton}, A.~A.},
    title = "{The redshift evolution of {$\Lambda$} cold dark matter halo parameters: concentration, spin and shape}",
  journal = {\mnras},
archivePrefix = "arXiv",
   eprint = {1007.0438},
 primaryClass = "astro-ph.CO",
 keywords = {gravitation, methods: numerical, galaxies: haloes, cosmology: theory, dark matter},
     year = 2011,
    month = feb,
   volume = 411,
    pages = {584-594},
      doi = {10.1111/j.1365-2966.2010.17704.x},
   adsurl = {http://adsabs.harvard.edu/abs/2011MNRAS.411..584M},
  adsnote = {Provided by the SAO/NASA Astrophysics Data System}
}

@ARTICLE{GaoEtAl2012,
   author = {{Gao}, L. and {Navarro}, J.~F. and {Frenk}, C.~S. and {Jenkins}, A. and 
	{Springel}, V. and {White}, S.~D.~M.},
    title = "{The Phoenix Project: the dark side of rich Galaxy clusters}",
  journal = {\mnras},
archivePrefix = "arXiv",
   eprint = {1201.1940},
 primaryClass = "astro-ph.CO",
 keywords = {methods: numerical, galaxies: haloes, dark matter },
     year = 2012,
    month = sep,
   volume = 425,
    pages = {2169-2186},
      doi = {10.1111/j.1365-2966.2012.21564.x},
   adsurl = {http://adsabs.harvard.edu/abs/2012MNRAS.425.2169G},
  adsnote = {Provided by the SAO/NASA Astrophysics Data System}
}

@ARTICLE{SoucailEtAl1987,
   author = {{Soucail}, G. and {Fort}, B. and {Mellier}, Y. and {Picat}, J.~P.
	},
    title = "{A blue ring-like structure, in the center of the A 370 cluster of galaxies}",
  journal = {\aap},
 keywords = {ASTRONOMICAL SPECTROSCOPY, ELLIPTICAL GALAXIES, GALACTIC CLUSTERS, RING STRUCTURES, STAR FORMATION, X RAY SOURCES, CHARGE COUPLED DEVICES, COOLING FLOWS (ASTROPHYSICS), SPECTRUM ANALYSIS},
     year = 1987,
    month = jan,
   volume = 172,
    pages = {L14-L16},
   adsurl = {http://adsabs.harvard.edu/abs/1987A%26A...172L..14S},
  adsnote = {Provided by the SAO/NASA Astrophysics Data System}
}

@ARTICLE{DebEtAl2012,
   author = {{Deb}, S. and {Morandi}, A. and {Pedersen}, K. and {Riemer-Sorensen}, S. and 
	{Goldberg}, D.~M. and {Dahle}, H.},
    title = "{Mass Reconstruction using Particle Based Lensing II: Quantifying substructure with Strong+Weak lensing and X-rays}",
  journal = {ArXiv e-prints},
archivePrefix = "arXiv",
   eprint = {1201.3636},
 primaryClass = "astro-ph.CO",
 keywords = {Astrophysics - Cosmology and Extragalactic Astrophysics},
     year = 2012,
    month = jan,
   adsurl = {http://adsabs.harvard.edu/abs/2012arXiv1201.3636D},
  adsnote = {Provided by the SAO/NASA Astrophysics Data System}
}

@ARTICLE{BroadhurstEtAl2008,
   author = {{Broadhurst}, T. and {Umetsu}, K. and {Medezinski}, E. and {Oguri}, M. and 
	{Rephaeli}, Y.},
    title = "{Comparison of Cluster Lensing Profiles with {$\Lambda$}CDM Predictions}",
  journal = {\apjl},
archivePrefix = "arXiv",
   eprint = {0805.2617},
 keywords = {Cosmology: Observations, Cosmology: Dark Matter, Galaxies: Clusters: Individual: Alphanumeric: A1689, galaxies: clusters: individual (A1703), Galaxies: Clusters: Individual: Alphanumeric: A370, galaxies: clusters: individual (RX J1347-11), Cosmology: Gravitational Lensing},
     year = 2008,
    month = sep,
   volume = 685,
    pages = {L9-L12},
      doi = {10.1086/592400},
   adsurl = {http://adsabs.harvard.edu/abs/2008ApJ...685L...9B},
  adsnote = {Provided by the SAO/NASA Astrophysics Data System}
}

@ARTICLE{BroadhurstEtAl2005,
   author = {{Broadhurst}, T. and {Takada}, M. and {Umetsu}, K. and {Kong}, X. and 
	{Arimoto}, N. and {Chiba}, M. and {Futamase}, T.},
    title = "{The Surprisingly Steep Mass Profile of A1689, from a Lensing Analysis of Subaru Images}",
  journal = {\apjl},
   eprint = {astro-ph/0412192},
 keywords = {Cosmology: Observations, Galaxies: Clusters: Individual: Alphanumeric: A1689, Cosmology: Gravitational Lensing},
     year = 2005,
    month = feb,
   volume = 619,
    pages = {L143-L146},
      doi = {10.1086/428122},
   adsurl = {http://adsabs.harvard.edu/abs/2005ApJ...619L.143B},
  adsnote = {Provided by the SAO/NASA Astrophysics Data System}
}

@ARTICLE{OguriEtAl2009,
   author = {{Oguri}, M. and {Hennawi}, J.~F. and {Gladders}, M.~D. and {Dahle}, H. and 
	{Natarajan}, P. and {Dalal}, N. and {Koester}, B.~P. and {Sharon}, K. and 
	{Bayliss}, M.},
    title = "{Subaru Weak Lensing Measurements of Four Strong Lensing Clusters: Are Lensing Clusters Overconcentrated?}",
  journal = {\apj},
archivePrefix = "arXiv",
   eprint = {0901.4372},
 primaryClass = "astro-ph.CO",
 keywords = {dark matter, galaxies: clusters: individual: Abell 1703 SDSS J1446+3032 SDSS J1531+3414 SDSS J2111-0115, gravitational lensing},
     year = 2009,
    month = jul,
   volume = 699,
    pages = {1038-1052},
      doi = {10.1088/0004-637X/699/2/1038},
   adsurl = {http://adsabs.harvard.edu/abs/2009ApJ...699.1038O},
  adsnote = {Provided by the SAO/NASA Astrophysics Data System}
}

@INPROCEEDINGS{astroML,
 author={{Vanderplas}, J.T. and {Connolly}, A.J.
         and {Ivezi{\'c}}, {\v Z}. and {Gray}, A.},
 booktitle={Conference on Intelligent Data Understanding (CIDU)},
 title={Introduction to astroML: Machine learning for astrophysics},
 month={oct.},
 pages={47 -54},
 doi={10.1109/CIDU.2012.6382200},
 year={2012}
}

@ARTICLE{HalkolaEtAl2006,
   author = {{Halkola}, A. and {Seitz}, S. and {Pannella}, M.},
    title = "{Parametric strong gravitational lensing analysis of Abell 1689}",
  journal = {\mnras},
   eprint = {astro-ph/0605470},
 keywords = {gravitational lensing, galaxies: clusters: individual: Abell 1689, dark matter},
     year = 2006,
    month = nov,
   volume = 372,
    pages = {1425-1462},
      doi = {10.1111/j.1365-2966.2006.10948.x},
   adsurl = {http://adsabs.harvard.edu/abs/2006MNRAS.372.1425H},
  adsnote = {Provided by the SAO/NASA Astrophysics Data System}
}

@ARTICLE{PS1974,
   author = {{Press}, W.~H. and {Schechter}, P.},
    title = "{Formation of Galaxies and Clusters of Galaxies by Self-Similar Gravitational Condensation}",
  journal = {\apj},
     year = 1974,
    month = feb,
   volume = 187,
    pages = {425-438},
      doi = {10.1086/152650},
   adsurl = {http://adsabs.harvard.edu/abs/1974ApJ...187..425P},
  adsnote = {Provided by the SAO/NASA Astrophysics Data System}
}

@ARTICLE{BondEtAl1991,
   author = {{Bond}, J.~R. and {Cole}, S. and {Efstathiou}, G. and {Kaiser}, N.
	},
    title = "{Excursion set mass functions for hierarchical Gaussian fluctuations}",
  journal = {\apj},
 keywords = {Computational Astrophysics, Gauss Equation, Dark Matter, Density Distribution, Many Body Problem, Mass Distribution, Monte Carlo Method},
     year = 1991,
    month = oct,
   volume = 379,
    pages = {440-460},
      doi = {10.1086/170520},
   adsurl = {http://adsabs.harvard.edu/abs/1991ApJ...379..440B},
  adsnote = {Provided by the SAO/NASA Astrophysics Data System}
}

@ARTICLE{LaceyCole1993,
   author = {{Lacey}, C. and {Cole}, S.},
    title = "{Merger rates in hierarchical models of galaxy formation}",
  journal = {\mnras},
 keywords = {Astronomical Models, Galactic Evolution, Galactic Halos, Interacting Galaxies, Baryons, Dark Matter, Gravitational Effects, Monte Carlo Method},
     year = 1993,
    month = jun,
   volume = 262,
    pages = {627-649},
   adsurl = {http://adsabs.harvard.edu/abs/1993MNRAS.262..627L},
  adsnote = {Provided by the SAO/NASA Astrophysics Data System}
}

@ARTICLE{CorlessKing2009,
   author = {{Corless}, V.~L. and {King}, L.~J.},
    title = "{Cosmology with the cluster mass function: mass estimators and shape systematics in large weak lensing surveys}",
  journal = {\mnras},
archivePrefix = "arXiv",
   eprint = {0901.3434},
 keywords = {gravitational lensing , cosmology: theory , dark matter , large-scale structure of Universe , methods: statistical , galaxies: clusters: general},
     year = 2009,
    month = jun,
   volume = 396,
    pages = {315-324},
      doi = {10.1111/j.1365-2966.2009.14542.x},
   adsurl = {http://adsabs.harvard.edu/abs/2009MNRAS.396..315C},
  adsnote = {Provided by the SAO/NASA Astrophysics Data System}
}

@ARTICLE{EttoriEtAl2009,
   author = {{Ettori}, S. and {Morandi}, A. and {Tozzi}, P. and {Balestra}, I. and 
	{Borgani}, S. and {Rosati}, P. and {Lovisari}, L. and {Terenziani}, F.
	},
    title = "{The cluster gas mass fraction as a cosmological probe: a revised study}",
  journal = {\aap},
archivePrefix = "arXiv",
   eprint = {0904.2740},
 primaryClass = "astro-ph.CO",
 keywords = {galaxies: clusters: general, galaxies: fundamental parameters, intergalactic medium, X-rays: galaxies: clusters, cosmology: observations, dark matter},
     year = 2009,
    month = jul,
   volume = 501,
    pages = {61-73},
      doi = {10.1051/0004-6361/200810878},
   adsurl = {http://adsabs.harvard.edu/abs/2009A%26A...501...61E},
  adsnote = {Provided by the SAO/NASA Astrophysics Data System}
}

@ARTICLE{CN2007,
   author = {{Comerford}, J.~M. and {Natarajan}, P.},
    title = "{The observed concentration-mass relation for galaxy clusters}",
  journal = {\mnras},
   eprint = {astro-ph/0703126},
 keywords = {gravitational lensing, galaxies: clusters: general, cosmology: observations, dark matter},
     year = 2007,
    month = jul,
   volume = 379,
    pages = {190-200},
      doi = {10.1111/j.1365-2966.2007.11934.x},
   adsurl = {http://adsabs.harvard.edu/abs/2007MNRAS.379..190C},
  adsnote = {Provided by the SAO/NASA Astrophysics Data System}
}

@ARTICLE{MeneghettiEtAl2007,
   author = {{Meneghetti}, M. and {Argazzi}, R. and {Pace}, F. and {Moscardini}, L. and 
	{Dolag}, K. and {Bartelmann}, M. and {Li}, G. and {Oguri}, M.
	},
    title = "{Arc sensitivity to cluster ellipticity, asymmetries, and substructures}",
  journal = {\aap},
   eprint = {astro-ph/0606006},
 keywords = {gravitational lensing, galaxies: clusters: general, dark matter},
     year = 2007,
    month = jan,
   volume = 461,
    pages = {25-38},
      doi = {10.1051/0004-6361:20065722},
   adsurl = {http://adsabs.harvard.edu/abs/2007A%26A...461...25M},
  adsnote = {Provided by the SAO/NASA Astrophysics Data System}
}

@ARTICLE{RedlichEtAl2012,
   author = {{Redlich}, M. and {Bartelmann}, M. and {Waizmann}, J.-C. and 
	{Fedeli}, C.},
    title = "{The strongest gravitational lenses. I. The statistical impact of cluster mergers}",
  journal = {\aap},
archivePrefix = "arXiv",
   eprint = {1205.6906},
 primaryClass = "astro-ph.CO",
 keywords = {cosmology: theory, gravitational lensing: strong, galaxies: clusters: general, methods: statistical},
     year = 2012,
    month = nov,
   volume = 547,
      eid = {A66},
    pages = {A66},
      doi = {10.1051/0004-6361/201219722},
   adsurl = {http://adsabs.harvard.edu/abs/2012A%26A...547A..66R},
  adsnote = {Provided by the SAO/NASA Astrophysics Data System}
}

@ARTICLE{Voit2005,
   author = {{Voit}, G.~M.},
    title = "{Tracing cosmic evolution with clusters of galaxies}",
  journal = {Reviews of Modern Physics},
   eprint = {astro-ph/0410173},
 keywords = {Origin and formation of the Universe, Galaxy clusters, Superclusters, large-scale structure of the Universe, Particle-theory and field-theory models of the early Universe, Observational cosmology, Dark matter, Star formation, Relativity and gravitation, Elementary particle processes, Supernovae, Active and peculiar galaxies and related systems, Galactic nuclei circumnuclear matter and bulges, Surveys and tutorial papers, resource letters, Background radiations},
     year = 2005,
    month = apr,
   volume = 77,
    pages = {207-258},
      doi = {10.1103/RevModPhys.77.207},
   adsurl = {http://adsabs.harvard.edu/abs/2005RvMP...77..207V},
  adsnote = {Provided by the SAO/NASA Astrophysics Data System}
}

@ARTICLE{DiaferioEtAl2008,
   author = {{Diaferio}, A. and {Schindler}, S. and {Dolag}, K.},
    title = "{Clusters of Galaxies: Setting the Stage}",
  journal = {\ssr},
archivePrefix = "arXiv",
   eprint = {0801.0968},
 keywords = {Galaxies: clusters: general, Intergalactic medium, Cosmology: large-scale structure of Universe},
     year = 2008,
    month = feb,
   volume = 134,
    pages = {7-24},
      doi = {10.1007/s11214-008-9324-5},
   adsurl = {http://adsabs.harvard.edu/abs/2008SSRv..134....7D},
  adsnote = {Provided by the SAO/NASA Astrophysics Data System}
}

@ARTICLE{GiocoliEtAl2012a,
   author = {{Giocoli}, C. and {Tormen}, G. and {Sheth}, R.~K.},
    title = "{Formation times, mass growth histories and concentrations of dark matter haloes}",
  journal = {\mnras},
archivePrefix = "arXiv",
   eprint = {1111.6977},
 primaryClass = "astro-ph.CO",
 keywords = {methods: analytical, galaxies: haloes, cosmology: theory, dark matter},
     year = 2012,
    month = may,
   volume = 422,
    pages = {185-198},
      doi = {10.1111/j.1365-2966.2012.20594.x},
   adsurl = {http://adsabs.harvard.edu/abs/2012MNRAS.422..185G},
  adsnote = {Provided by the SAO/NASA Astrophysics Data System}
}

@ARTICLE{GiocoliEtAl2012b,
   author = {{Giocoli}, C. and {Meneghetti}, M. and {Ettori}, S. and {Moscardini}, L.
	},
    title = "{Cosmology in two dimensions: the concentration-mass relation for galaxy clusters}",
  journal = {\mnras},
archivePrefix = "arXiv",
   eprint = {1205.2375},
 primaryClass = "astro-ph.CO",
 keywords = {gravitational lensing: strong, methods: analytical, galaxies: haloes, cosmology: theory, dark matter},
     year = 2012,
    month = oct,
   volume = 426,
    pages = {1558-1573},
      doi = {10.1111/j.1365-2966.2012.21743.x},
   adsurl = {http://adsabs.harvard.edu/abs/2012MNRAS.426.1558G},
  adsnote = {Provided by the SAO/NASA Astrophysics Data System}
}

@ARTICLE{HartiganWong1979,
   author = {{Hartigan}, J. A. and {Wong}, M. A.
	},
    title = "{Algorithm AS 136: A K-Means Clustering Algorithm}",
  journal = {Journal of the Royal Statistical Society. Series C (Applied Statistics)},
     year = 1979,
   volume = 28,
    pages = {100-108},
}

@ARTICLE{FukunagaHostetler1975,
   author = {{Fukunaga}, K. and {Hostetler}, L.
	},
    title = "{The Estimation of the Gradient of a Density Function, with Applications in Pattern Recognition}",
  journal = {Information Theory, IEEE Transactions on},
     year = 1975,
    month = jan,
   volume = 21,
    pages = {32-40},
      doi = {10.1109/TIT.1975.1055330},
}

@ARTICLE{PuchweinHilbert2009,
   author = {{Puchwein}, E. and {Hilbert}, S.},
    title = "{Cluster strong lensing in the Millennium simulation: the effect of galaxies and structures along the line-of-sight}",
  journal = {\mnras},
archivePrefix = "arXiv",
   eprint = {0904.0253},
 primaryClass = "astro-ph.CO",
 keywords = {gravitational lensing , methods: numerical , galaxies: clusters: general , cosmology: theory , dark matter , large-scale structure of the Universe},
     year = 2009,
    month = sep,
   volume = 398,
    pages = {1298-1308},
      doi = {10.1111/j.1365-2966.2009.15227.x},
   adsurl = {http://adsabs.harvard.edu/abs/2009MNRAS.398.1298P},
  adsnote = {Provided by the SAO/NASA Astrophysics Data System}
}

@ARTICLE{AllenEtAl2011,
   author = {{Allen}, S.~W. and {Evrard}, A.~E. and {Mantz}, A.~B.},
    title = "{Cosmological Parameters from Observations of Galaxy Clusters}",
  journal = {\araa},
archivePrefix = "arXiv",
   eprint = {1103.4829},
 primaryClass = "astro-ph.CO",
     year = 2011,
    month = sep,
   volume = 49,
    pages = {409-470},
      doi = {10.1146/annurev-astro-081710-102514},
   adsurl = {http://adsabs.harvard.edu/abs/2011ARA%26A..49..409A},
  adsnote = {Provided by the SAO/NASA Astrophysics Data System}
}

@ARTICLE{BeckerKravtsov2011,
   author = {{Becker}, M.~R. and {Kravtsov}, A.~V.},
    title = "{On the Accuracy of Weak-lensing Cluster Mass Reconstructions}",
  journal = {\apj},
archivePrefix = "arXiv",
   eprint = {1011.1681},
 primaryClass = "astro-ph.CO",
 keywords = {galaxies: clusters: general, gravitational lensing: weak},
     year = 2011,
    month = oct,
   volume = 740,
      eid = {25},
    pages = {25},
      doi = {10.1088/0004-637X/740/1/25},
   adsurl = {http://adsabs.harvard.edu/abs/2011ApJ...740...25B},
  adsnote = {Provided by the SAO/NASA Astrophysics Data System}
}

@ARTICLE{HoekstraJain2008,
   author = {{Hoekstra}, H. and {Jain}, B.},
    title = "{Weak Gravitational Lensing and Its Cosmological Applications}",
  journal = {Annual Review of Nuclear and Particle Science},
archivePrefix = "arXiv",
   eprint = {0805.0139},
     year = 2008,
    month = nov,
   volume = 58,
    pages = {99-123},
      doi = {10.1146/annurev.nucl.58.110707.171151},
   adsurl = {http://adsabs.harvard.edu/abs/2008ARNPS..58...99H},
  adsnote = {Provided by the SAO/NASA Astrophysics Data System}
}

@ARTICLE{HuKravtsov2003,
   author = {{Hu}, W. and {Kravtsov}, A.~V.},
    title = "{Sample Variance Considerations for Cluster Surveys}",
  journal = {\apj},
   eprint = {astro-ph/0203169},
 keywords = {Cosmology: Cosmological Parameters, Cosmology: Theory, Galaxies: Clusters: General, Cosmology: Large-Scale Structure of Universe},
     year = 2003,
    month = feb,
   volume = 584,
    pages = {702-715},
      doi = {10.1086/345846},
   adsurl = {http://adsabs.harvard.edu/abs/2003ApJ...584..702H},
  adsnote = {Provided by the SAO/NASA Astrophysics Data System}
}

@ARTICLE{RiemerEtAl2009,
   author = {{Riemer-S{\o}rensen}, S. and {Paraficz}, D. and {Ferreira}, D.~D.~M. and 
	{Pedersen}, K. and {Limousin}, M. and {Dahle}, H.},
    title = "{Resolving the Discrepancy Between Lensing and X-Ray Mass Estimates of the Complex Galaxy Cluster Abell 1689}",
  journal = {\apj},
archivePrefix = "arXiv",
   eprint = {0811.2793},
 keywords = {galaxies: clusters: individual: Abell 1689, gravitational lensing, X-rays: galaxies: clusters},
     year = 2009,
    month = mar,
   volume = 693,
    pages = {1570-1578},
      doi = {10.1088/0004-637X/693/2/1570},
   adsurl = {http://adsabs.harvard.edu/abs/2009ApJ...693.1570R},
  adsnote = {Provided by the SAO/NASA Astrophysics Data System}
}

@ARTICLE{NavarroEtAl2004,
   author = {{Navarro}, J.~F. and {Hayashi}, E. and {Power}, C. and {Jenkins}, A.~R. and 
	{Frenk}, C.~S. and {White}, S.~D.~M. and {Springel}, V. and 
	{Stadel}, J. and {Quinn}, T.~R.},
    title = "{The inner structure of {$\Lambda$}CDM haloes - III. Universality and asymptotic slopes}",
  journal = {\mnras},
   eprint = {astro-ph/0311231},
 keywords = {gravitation, cosmology: theory, dark matter},
     year = 2004,
    month = apr,
   volume = 349,
    pages = {1039-1051},
      doi = {10.1111/j.1365-2966.2004.07586.x},
   adsurl = {http://adsabs.harvard.edu/abs/2004MNRAS.349.1039N},
  adsnote = {Provided by the SAO/NASA Astrophysics Data System}
}

@ARTICLE{KnebeEtAl2011,
   author = {{Knebe}, A. and {Knollmann}, S.~R. and {Muldrew}, S.~I. and 
	{Pearce}, F.~R. and {Aragon-Calvo}, M.~A. and {Ascasibar}, Y. and 
	{Behroozi}, P.~S. and {Ceverino}, D. and {Colombi}, S. and {Diemand}, J. and 
	{Dolag}, K. and {Falck}, B.~L. and {Fasel}, P. and {Gardner}, J. and 
	{Gottl{\"o}ber}, S. and {Hsu}, C.-H. and {Iannuzzi}, F. and 
	{Klypin}, A. and {Luki{\'c}}, Z. and {Maciejewski}, M. and {McBride}, C. and 
	{Neyrinck}, M.~C. and {Planelles}, S. and {Potter}, D. and {Quilis}, V. and 
	{Rasera}, Y. and {Read}, J.~I. and {Ricker}, P.~M. and {Roy}, F. and 
	{Springel}, V. and {Stadel}, J. and {Stinson}, G. and {Sutter}, P.~M. and 
	{Turchaninov}, V. and {Tweed}, D. and {Yepes}, G. and {Zemp}, M.
	},
    title = "{Haloes gone MAD: The Halo-Finder Comparison Project}",
  journal = {\mnras},
archivePrefix = "arXiv",
   eprint = {1104.0949},
 primaryClass = "astro-ph.CO",
 keywords = {methods: numerical, galaxies: evolution, galaxies: haloes, cosmology: miscellaneous, cosmology: theory, dark matter},
     year = 2011,
    month = aug,
   volume = 415,
    pages = {2293-2318},
      doi = {10.1111/j.1365-2966.2011.18858.x},
   adsurl = {http://adsabs.harvard.edu/abs/2011MNRAS.415.2293K},
  adsnote = {Provided by the SAO/NASA Astrophysics Data System}
}

@ARTICLE{DespaliEtAl2013,
   author = {{Despali}, G. and {Tormen}, G. and {Sheth}, R.~K.},
    title = "{Ellipsoidal halo finders and implications for models of triaxial halo formation}",
  journal = {\mnras},
archivePrefix = "arXiv",
   eprint = {1212.4157},
 primaryClass = "astro-ph.CO",
 keywords = {galaxies: clusters: general, cosmology: theory, dark matter},
     year = 2013,
    month = may,
   volume = 431,
    pages = {1143-1159},
      doi = {10.1093/mnras/stt235},
   adsurl = {http://adsabs.harvard.edu/abs/2013MNRAS.431.1143D},
  adsnote = {Provided by the SAO/NASA Astrophysics Data System}
}

@ARTICLE{OguriEtAl2005,
   author = {{Oguri}, M. and {Takada}, M. and {Umetsu}, K. and {Broadhurst}, T.
	},
    title = "{Can the Steep Mass Profile of A1689 Be Explained by a Triaxial Dark Halo?}",
  journal = {\apj},
   eprint = {astro-ph/0505452},
 keywords = {Cosmology: Dark Matter, Galaxies: Clusters: Individual: Alphanumeric: A1689, Cosmology: Gravitational Lensing},
     year = 2005,
    month = oct,
   volume = 632,
    pages = {841-846},
      doi = {10.1086/452629},
   adsurl = {http://adsabs.harvard.edu/abs/2005ApJ...632..841O},
  adsnote = {Provided by the SAO/NASA Astrophysics Data System}
}

@ARTICLE{LimousinEtAl2007,
   author = {{Limousin}, M. and {Richard}, J. and {Jullo}, E. and {Kneib}, J.-P. and 
	{Fort}, B. and {Soucail}, G. and {El{\'{\i}}asd{\'o}ttir}, {\'A}. and 
	{Natarajan}, P. and {Ellis}, R.~S. and {Smail}, I. and {Czoske}, O. and 
	{Smith}, G.~P. and {Hudelot}, P. and {Bardeau}, S. and {Ebeling}, H. and 
	{Egami}, E. and {Knudsen}, K.~K.},
    title = "{Combining Strong and Weak Gravitational Lensing in Abell 1689}",
  journal = {\apj},
   eprint = {astro-ph/0612165},
 keywords = {Cosmology: Observations, Galaxies: Clusters: Individual: Alphanumeric: A1689, Cosmology: Gravitational Lensing},
     year = 2007,
    month = oct,
   volume = 668,
    pages = {643-666},
      doi = {10.1086/521293},
   adsurl = {http://adsabs.harvard.edu/abs/2007ApJ...668..643L},
  adsnote = {Provided by the SAO/NASA Astrophysics Data System}
}

@ARTICLE{Riebe2013,
   author = {{Riebe}, K. and {Partl}, A.~M. and {Enke}, H. and {Forero-Romero}, J. and 
	{Gottl{\"o}ber}, S. and {Klypin}, A. and {Lemson}, G. and {Prada}, F. and 
	{Primack}, J.~R. and {Steinmetz}, M. and {Turchaninov}, V.},
    title = "{The MultiDark Database: Release of the Bolshoi and MultiDark cosmological simulations}",
  journal = {Astronomische Nachrichten},
 keywords = {\%simulation, cosmology, database, Virtual Observatory},
     year = 2013,
    month = aug,
   volume = 334,
    pages = {691-708},
      doi = {10.1002/asna.201211900},
   adsurl = {http://adsabs.harvard.edu/abs/2013AN....334..691R},
  adsnote = {Provided by the SAO/NASA Astrophysics Data System}
}

@ARTICLE{PuchweinEtAl2005,
   author = {{Puchwein}, E. and {Bartelmann}, M. and {Dolag}, K. and {Meneghetti}, M.
	},
    title = "{The impact of gas physics on strong cluster lensing}",
  journal = {\aap},
   eprint = {astro-ph/0504206},
 keywords = {gravitational lensing, galaxies: clusters: general, hydrodynamics, cosmology: dark matter},
     year = 2005,
    month = nov,
   volume = 442,
    pages = {405-412},
      doi = {10.1051/0004-6361:20053216},
   adsurl = {http://adsabs.harvard.edu/abs/2005A%26A...442..405P},
  adsnote = {Provided by the SAO/NASA Astrophysics Data System}
}

@ARTICLE{WambsganssEtAl2008,
   author = {{Wambsganss}, J. and {Ostriker}, J.~P. and {Bode}, P.},
    title = "{The Effect of Baryon Cooling on the Statistics of Giant Arcs and Multiple Quasars}",
  journal = {\apj},
archivePrefix = "arXiv",
   eprint = {0707.1482},
 keywords = {Galaxies: Clusters: General, Cosmology: Gravitational Lensing, Galaxies: Quasars: General},
     year = 2008,
    month = apr,
   volume = 676,
    pages = {753-760},
      doi = {10.1086/527529},
   adsurl = {http://adsabs.harvard.edu/abs/2008ApJ...676..753W},
  adsnote = {Provided by the SAO/NASA Astrophysics Data System}
}

@ARTICLE{RozoEtAl2008,
   author = {{Rozo}, E. and {Nagai}, D. and {Keeton}, C. and {Kravtsov}, A.
	},
    title = "{The Impact of Baryonic Cooling on Giant Arc Abundances}",
  journal = {\apj},
   eprint = {astro-ph/0609621},
 keywords = {Cosmology: Theory},
     year = 2008,
    month = nov,
   volume = 687,
    pages = {22-38},
      doi = {10.1086/589955},
   adsurl = {http://adsabs.harvard.edu/abs/2008ApJ...687...22R},
  adsnote = {Provided by the SAO/NASA Astrophysics Data System}
}

@ARTICLE{MeadEtAl2010,
   author = {{Mead}, J.~M.~G. and {King}, L.~J. and {Sijacki}, D. and {Leonard}, A. and 
	{Puchwein}, E. and {McCarthy}, I.~G.},
    title = "{The impact of AGN feedback and baryonic cooling on galaxy clusters as gravitational lenses}",
  journal = {\mnras},
archivePrefix = "arXiv",
   eprint = {1001.2281},
 primaryClass = "astro-ph.CO",
 keywords = {gravitational lensing: strong, gravitational lensing: weak, galaxies: clusters: general, cosmology: observations, cosmology: theory},
     year = 2010,
    month = jul,
   volume = 406,
    pages = {434-444},
      doi = {10.1111/j.1365-2966.2010.16674.x},
   adsurl = {http://adsabs.harvard.edu/abs/2010MNRAS.406..434M},
  adsnote = {Provided by the SAO/NASA Astrophysics Data System}
}

@ARTICLE{KilledarEtAl2012,
   author = {{Killedar}, M. and {Borgani}, S. and {Meneghetti}, M. and {Dolag}, K. and 
	{Fabjan}, D. and {Tornatore}, L.},
    title = "{How baryonic processes affect strong lensing properties of simulated galaxy clusters}",
  journal = {\mnras},
archivePrefix = "arXiv",
   eprint = {1208.5770},
 primaryClass = "astro-ph.CO",
 keywords = {gravitational lensing: strong, methods: numerical, galaxies: clusters: general, cosmology: theory},
     year = 2012,
    month = nov,
   volume = 427,
    pages = {533-549},
      doi = {10.1111/j.1365-2966.2012.21983.x},
   adsurl = {http://adsabs.harvard.edu/abs/2012MNRAS.427..533K},
  adsnote = {Provided by the SAO/NASA Astrophysics Data System}
}

@ARTICLE{DespaliEtAl2014,
   author = {{Despali}, G. and {Giocoli}, C. and {Tormen}, G.},
    title = "{Some like it triaxial: the universality of dark matter halo shapes and their evolution along the cosmic time}",
  journal = {\mnras},
archivePrefix = "arXiv",
   eprint = {1404.6527},
 keywords = {methods: numerical, galaxies: clusters: general, galaxies: haloes, cosmology: theory, dark matter, large-scale structure of Universe},
     year = 2014,
    month = oct,
   volume = 443,
    pages = {3208-3217},
      doi = {10.1093/mnras/stu1393},
   adsurl = {http://adsabs.harvard.edu/abs/2014MNRAS.443.3208D},
  adsnote = {Provided by the SAO/NASA Astrophysics Data System}
}

@ARTICLE{LudlowEtAl2012,
   author = {{Ludlow}, A.~D. and {Navarro}, J.~F. and {Li}, M. and {Angulo}, R.~E. and 
	{Boylan-Kolchin}, M. and {Bett}, P.~E.},
    title = "{The dynamical state and mass-concentration relation of galaxy clusters}",
  journal = {\mnras},
archivePrefix = "arXiv",
   eprint = {1206.1049},
 primaryClass = "astro-ph.CO",
 keywords = {galaxies: clusters: general, cosmology: theory, dark matter},
     year = 2012,
    month = dec,
   volume = 427,
    pages = {1322-1328},
      doi = {10.1111/j.1365-2966.2012.21892.x},
   adsurl = {http://adsabs.harvard.edu/abs/2012MNRAS.427.1322L},
  adsnote = {Provided by the SAO/NASA Astrophysics Data System}
}

@ARTICLE{KazantzidisEtAl2004,
   author = {{Kazantzidis}, S. and {Kravtsov}, A.~V. and {Zentner}, A.~R. and 
	{Allgood}, B. and {Nagai}, D. and {Moore}, B.},
    title = "{The Effect of Gas Cooling on the Shapes of Dark Matter Halos}",
  journal = {\apjl},
   eprint = {astro-ph/0405189},
 keywords = {Cosmology: Theory, Cosmology: Dark Matter, Galaxies: Halos, Methods: Numerical},
     year = 2004,
    month = aug,
   volume = 611,
    pages = {L73-L76},
      doi = {10.1086/423992},
   adsurl = {http://adsabs.harvard.edu/abs/2004ApJ...611L..73K},
  adsnote = {Provided by the SAO/NASA Astrophysics Data System}
}

@ARTICLE{MertenEtAl2014,
   author = {{Merten}, J. and {Meneghetti}, M. and {Postman}, M. and {Umetsu}, K. and 
	{Zitrin}, A. and {Medezinski}, E. and {Nonino}, M. and {Koekemoer}, A. and 
	{Melchior}, P. and {Gruen}, D. and {Moustakas}, L.~A. and {Bartelmann}, M. and 
	{Host}, O. and {Donahue}, M. and {Coe}, D. and {Molino}, A. and 
	{Jouvel}, S. and {Monna}, A. and {Seitz}, S. and {Czakon}, N. and 
	{Lemze}, D. and {Sayers}, J. and {Balestra}, I. and {Rosati}, P. and 
	{Ben{\'{\i}}tez}, N. and {Biviano}, A. and {Bouwens}, R. and 
	{Bradley}, L. and {Broadhurst}, T. and {Carrasco}, M. and {Ford}, H. and 
	{Grillo}, C. and {Infante}, L. and {Kelson}, D. and {Lahav}, O. and 
	{Massey}, R. and {Moustakas}, J. and {Rasia}, E. and {Rhodes}, J. and 
	{Vega}, J. and {Zheng}, W.},
    title = "{CLASH: The Concentration-Mass Relation of Galaxy Clusters}",
  journal = {ArXiv e-prints},
archivePrefix = "arXiv",
   eprint = {1404.1376},
 keywords = {Astrophysics - Cosmology and Nongalactic Astrophysics, Astrophysics - Astrophysics of Galaxies},
     year = 2014,
    month = apr,
   adsurl = {http://adsabs.harvard.edu/abs/2014arXiv1404.1376M},
  adsnote = {Provided by the SAO/NASA Astrophysics Data System}
}

@ARTICLE{MeneghettiEtAl2014,
   author = {{Meneghetti}, M. and {Rasia}, E. and {Vega}, J. and {Merten}, J. and 
	{Postman}, M. and {Yepes}, G. and {Sembolini}, F. and {Donahue}, M. and 
	{Ettori}, S. and {Umetsu}, K. and {Balestra}, I. and {Bartelmann}, M. and 
	{Benitez}, N. and {Biviano}, A. and {Bouwens}, R. and {Bradley}, L. and 
	{Broadhurst}, T. and {Coe}, D. and {Czakon}, N. and {De Petris}, M. and 
	{Ford}, H. and {Giocoli}, C. and {Gottloeber}, S. and {Grillo}, C. and 
	{Infante}, L. and {Jouvel}, S. and {Kelson}, D. and {Koekemoer}, A. and 
	{Lahav}, O. and {Lemze}, D. and {Medezinski}, E. and {Melchior}, P. and 
	{Mercurio}, A. and {Molino}, A. and {Moscardini}, L. and {Monna}, A. and 
	{Moustakas}, J. and {Moustakas}, L.~A. and {Nonino}, M. and 
	{Rhodes}, J. and {Rosati}, P. and {Sayers}, J. and {Seitz}, S. and 
	{Zheng}, W. and {Zitrin}, A.},
    title = "{The MUSIC of CLASH: predictions on the concentration-mass relation}",
  journal = {ArXiv e-prints},
archivePrefix = "arXiv",
   eprint = {1404.1384},
 keywords = {Astrophysics - Cosmology and Nongalactic Astrophysics},
     year = 2014,
    month = apr,
   adsurl = {http://adsabs.harvard.edu/abs/2014arXiv1404.1384M},
  adsnote = {Provided by the SAO/NASA Astrophysics Data System}
}

@ARTICLE{GiocoliEtAl2014,
   author = {{Giocoli}, C. and {Meneghetti}, M. and {Metcalf}, R.~B. and 
	{Ettori}, S. and {Moscardini}, L.},
    title = "{Mass and concentration estimates from weak and strong gravitational lensing: a systematic study}",
  journal = {\mnras},
archivePrefix = "arXiv",
   eprint = {1311.1205},
 primaryClass = "astro-ph.CO",
 keywords = {gravitational lensing: strong, gravitational lensing: weak, methods: analytical, galaxies: haloes, cosmology: theory, dark matter},
     year = 2014,
    month = may,
   volume = 440,
    pages = {1899-1915},
      doi = {10.1093/mnras/stu303},
   adsurl = {http://adsabs.harvard.edu/abs/2014MNRAS.440.1899G},
  adsnote = {Provided by the SAO/NASA Astrophysics Data System}
}

%%%%%%%%%%%%%%%%%%%%%%%%
%%%%% Second Paper %%%%%
%%%%%%%%%%%%%%%%%%%%%%%%

% References for sources of data

@ARTICLE{OK15.1,
   author = {{Okabe}, N. and {Umetsu}, K. and {Tamura}, T. and {Fujita}, Y. and 
	{Takizawa}, M. and {Matsushita}, K. and {Fukazawa}, Y. and {Futamase}, T. and 
	{Kawaharada}, M. and {Miyazaki}, S. and {Mochizuki}, Y. and 
	{Nakazawa}, K. and {Ohashi}, T. and {Ota}, N. and {Sasaki}, T. and 
	{Sato}, K. and {Tam}, S.~I.},
    title = "{Central Mass Profiles of the Nearby Cool-core Galaxy Clusters Hydra A and A478}",
  journal = {ArXiv e-prints},
archivePrefix = "arXiv",
   eprint = {1503.04412},
 keywords = {Astrophysics - Cosmology and Nongalactic Astrophysics},
     year = 2015,
    month = mar,
   adsurl = {http://adsabs.harvard.edu/abs/2015arXiv150304412O},
  adsnote = {Provided by the SAO/NASA Astrophysics Data System}
}

@ARTICLE{OG09.1,
   author = {{Oguri}, M. and {Hennawi}, J.~F. and {Gladders}, M.~D. and {Dahle}, H. and 
	{Natarajan}, P. and {Dalal}, N. and {Koester}, B.~P. and {Sharon}, K. and 
	{Bayliss}, M.},
    title = "{Subaru Weak Lensing Measurements of Four Strong Lensing Clusters: Are Lensing Clusters Overconcentrated?}",
  journal = {\apj},
archivePrefix = "arXiv",
   eprint = {0901.4372},
 primaryClass = "astro-ph.CO",
 keywords = {dark matter, galaxies: clusters: individual: Abell 1703 SDSS J1446+3032 SDSS J1531+3414 SDSS J2111-0115, gravitational lensing},
     year = 2009,
    month = jul,
   volume = 699,
    pages = {1038-1052},
      doi = {10.1088/0004-637X/699/2/1038},
   adsurl = {http://adsabs.harvard.edu/abs/2009ApJ...699.1038O},
  adsnote = {Provided by the SAO/NASA Astrophysics Data System}
}

@ARTICLE{IS10.1,
   author = {{Israel}, H. and {Erben}, T. and {Reiprich}, T.~H. and {Vikhlinin}, A. and 
	{Hildebrandt}, H. and {Hudson}, D.~S. and {McLeod}, B.~A. and 
	{Sarazin}, C.~L. and {Schneider}, P. and {Zhang}, Y.-Y.},
    title = "{The 400d Galaxy Cluster Survey weak lensing programme. I. MMT/Megacam analysis of CL0030+2618 at z = 0.50}",
  journal = {\aap},
archivePrefix = "arXiv",
   eprint = {0911.3111},
 primaryClass = "astro-ph.CO",
 keywords = {galaxies: clusters: general, galaxies: clusters: individuals: CL0030+2618, cosmology: observations, gravitational lensing: weak, X-rays: galaxies: clusters},
     year = 2010,
    month = sep,
   volume = 520,
      eid = {A58},
    pages = {A58},
      doi = {10.1051/0004-6361/200913667},
   adsurl = {http://adsabs.harvard.edu/abs/2010A%26A...520A..58I},
  adsnote = {Provided by the SAO/NASA Astrophysics Data System}
}

@ARTICLE{BU11.1,
   author = {{Buckley-Geer}, E.~J. and {Lin}, H. and {Drabek}, E.~R. and 
	{Allam}, S.~S. and {Tucker}, D.~L. and {Armstrong}, R. and {Barkhouse}, W.~A. and 
	{Bertin}, E. and {Brodwin}, M. and {Desai}, S. and {Frieman}, J.~A. and 
	{Hansen}, S.~M. and {High}, F.~W. and {Mohr}, J.~J. and {Lin}, Y.-T. and 
	{Ngeow}, C.-C. and {Rest}, A. and {Smith}, R.~C. and {Song}, J. and 
	{Zenteno}, A.},
    title = "{The Serendipitous Observation of a Gravitationally Lensed Galaxy at z = 0.9057 from the Blanco Cosmology Survey: The Elliot Arc}",
  journal = {\apj},
archivePrefix = "arXiv",
   eprint = {1108.4681},
 primaryClass = "astro-ph.CO",
 keywords = {galaxies: high-redshift, gravitational lensing: strong, gravitational lensing: weak},
     year = 2011,
    month = nov,
   volume = 742,
      eid = {48},
    pages = {48},
      doi = {10.1088/0004-637X/742/1/48},
   adsurl = {http://adsabs.harvard.edu/abs/2011ApJ...742...48B},
  adsnote = {Provided by the SAO/NASA Astrophysics Data System}
}

@ARTICLE{UM08.1,
   author = {{Umetsu}, K. and {Broadhurst}, T.},
    title = "{Combining Lens Distortion and Depletion to Map the Mass Distribution of A1689}",
  journal = {\apj},
archivePrefix = "arXiv",
   eprint = {0712.3441},
 keywords = {Cosmology: Observations, Cosmology: Dark Matter, Galaxies: Clusters: Individual: Alphanumeric: A1689, Cosmology: Gravitational Lensing},
     year = 2008,
    month = sep,
   volume = 684,
    pages = {177-203},
      doi = {10.1086/589683},
   adsurl = {http://adsabs.harvard.edu/abs/2008ApJ...684..177U},
  adsnote = {Provided by the SAO/NASA Astrophysics Data System}
}

@ARTICLE{GA07.1,
   author = {{Gastaldello}, F. and {Buote}, D.~A. and {Humphrey}, P.~J. and 
	{Zappacosta}, L. and {Seigar}, M.~S. and {Barth}, A.~J. and 
	{Brighenti}, F. and {Mathews}, W.~G.},
    title = "{Serendipitous XMM-Newton Discovery of a Cluster of Galaxies at z = 0.28}",
  journal = {\apj},
   eprint = {astro-ph/0703461},
 keywords = {Galaxies: Clusters: General, X-Rays: General},
     year = 2007,
    month = jun,
   volume = 662,
    pages = {923-926},
      doi = {10.1086/518304},
   adsurl = {http://adsabs.harvard.edu/abs/2007ApJ...662..923G},
  adsnote = {Provided by the SAO/NASA Astrophysics Data System}
}

@ARTICLE{EI13.1,
   author = {{Eichner}, T. and {Seitz}, S. and {Suyu}, S.~H. and {Halkola}, A. and 
	{Umetsu}, K. and {Zitrin}, A. and {Coe}, D. and {Monna}, A. and 
	{Rosati}, P. and {Grillo}, C. and {Balestra}, I. and {Postman}, M. and 
	{Koekemoer}, A. and {Zheng}, W. and {H{\o}st}, O. and {Lemze}, D. and 
	{Broadhurst}, T. and {Moustakas}, L. and {Bradley}, L. and {Molino}, A. and 
	{Nonino}, M. and {Mercurio}, A. and {Scodeggio}, M. and {Bartelmann}, M. and 
	{Benitez}, N. and {Bouwens}, R. and {Donahue}, M. and {Infante}, L. and 
	{Jouvel}, S. and {Kelson}, D. and {Lahav}, O. and {Medezinski}, E. and 
	{Melchior}, P. and {Merten}, J. and {Riess}, A.},
    title = "{Galaxy Halo Truncation and Giant Arc Surface Brightness Reconstruction in the Cluster MACSJ1206.2-0847}",
  journal = {\apj},
archivePrefix = "arXiv",
   eprint = {1306.5240},
 primaryClass = "astro-ph.CO",
 keywords = {galaxies: clusters: individual: MACSJ1206.2-0847, galaxies: elliptical and lenticular, cD, galaxies: halos, galaxies: interactions, gravitational lensing: strong},
     year = 2013,
    month = sep,
   volume = 774,
      eid = {124},
    pages = {124},
      doi = {10.1088/0004-637X/774/2/124},
   adsurl = {http://adsabs.harvard.edu/abs/2013ApJ...774..124E},
  adsnote = {Provided by the SAO/NASA Astrophysics Data System}
}

@ARTICLE{DO09.1,
   author = {{Donnarumma}, A. and {Ettori}, S. and {Meneghetti}, M. and {Moscardini}, L.
	},
    title = "{X-ray and strong lensing mass estimate of MS2137.3-2353}",
  journal = {\mnras},
archivePrefix = "arXiv",
   eprint = {0902.4051},
 primaryClass = "astro-ph.CO",
 keywords = {gravitational lensing , galaxies: clusters: individual, MS2137.3-2353 , dark matter , X-ray: galaxies: clusters},
     year = 2009,
    month = sep,
   volume = 398,
    pages = {438-450},
      doi = {10.1111/j.1365-2966.2009.15165.x},
   adsurl = {http://adsabs.harvard.edu/abs/2009MNRAS.398..438D},
  adsnote = {Provided by the SAO/NASA Astrophysics Data System}
}

@ARTICLE{CO10.1,
   author = {{Coe}, D. and {Ben{\'{\i}}tez}, N. and {Broadhurst}, T. and 
	{Moustakas}, L.~A.},
    title = "{A High-resolution Mass Map of Galaxy Cluster Substructure: LensPerfect Analysis of A1689}",
  journal = {\apj},
archivePrefix = "arXiv",
   eprint = {1005.0398},
 primaryClass = "astro-ph.CO",
 keywords = {dark matter, galaxies: clusters: general, galaxies: clusters: individual: A1689, gravitational lensing: strong, gravitational lensing: weak, methods: data analysis},
     year = 2010,
    month = nov,
   volume = 723,
    pages = {1678-1702},
      doi = {10.1088/0004-637X/723/2/1678},
   adsurl = {http://adsabs.harvard.edu/abs/2010ApJ...723.1678C},
  adsnote = {Provided by the SAO/NASA Astrophysics Data System}
}

@ARTICLE{SE14.1,
   author = {{Sereno}, M. and {Giocoli}, C. and {Ettori}, S. and {Moscardini}, L.
	},
    title = "{The mass-concentration relation in lensing clusters: the role of statistical biases and selection effects}",
  journal = {ArXiv e-prints},
archivePrefix = "arXiv",
   eprint = {1410.4568},
 keywords = {Astrophysics - Cosmology and Nongalactic Astrophysics},
     year = 2014,
    month = oct,
   adsurl = {http://adsabs.harvard.edu/abs/2014arXiv1410.4568S},
  adsnote = {Provided by the SAO/NASA Astrophysics Data System}
}

@ARTICLE{BA14.1,
   author = {{Babyk}, Y.~V. and {Del Popolo}, A. and {Vavilova}, I.~B.},
    title = "{Chandra X-ray galaxy clusters at z {\lt} 1.4: Constraints on the inner slope of the density profiles}",
  journal = {Astronomy Reports},
archivePrefix = "arXiv",
   eprint = {1208.2424},
     year = 2014,
    month = sep,
   volume = 58,
    pages = {587-610},
      doi = {10.1134/S1063772914090017},
   adsurl = {http://adsabs.harvard.edu/abs/2014ARep...58..587B},
  adsnote = {Provided by the SAO/NASA Astrophysics Data System}
}

@ARTICLE{RI06.1,
   author = {{Rines}, K. and {Diaferio}, A.},
    title = "{CIRS: Cluster Infall Regions in the Sloan Digital Sky Survey. I. Infall Patterns and Mass Profiles}",
  journal = {\aj},
   eprint = {astro-ph/0602032},
 keywords = {Cosmology: Observations, Galaxies: Clusters: General, Galaxies: Kinematics and Dynamics},
     year = 2006,
    month = sep,
   volume = 132,
    pages = {1275-1297},
      doi = {10.1086/506017},
   adsurl = {http://adsabs.harvard.edu/abs/2006AJ....132.1275R},
  adsnote = {Provided by the SAO/NASA Astrophysics Data System}
}

@ARTICLE{GA06.1,
   author = {{Gastaldello}, F. and {Buote}, D.~A. and {Humphrey}, P.~J. and 
	{Zappacosta}, L. and {Bullock}, J.~S. and {Brighenti}, F. and 
	{Mathews}, W.~G.},
    title = "{Probing the Dark Matter and Gas Fraction in Relaxed Galaxy Groups with X-Ray Observations from Chandra and XMM-Newton}",
  journal = {\apj},
   eprint = {astro-ph/0610134},
 keywords = {Cosmology: Observations, Cosmology: Dark Matter, Galaxies: Halos, Methods: Data Analysis, X-Rays: Galaxies: Clusters},
     year = 2007,
    month = nov,
   volume = 669,
    pages = {158-183},
      doi = {10.1086/521519},
   adsurl = {http://adsabs.harvard.edu/abs/2007ApJ...669..158G},
  adsnote = {Provided by the SAO/NASA Astrophysics Data System}
}

@ARTICLE{LO06.1,
   author = {{{\L}okas}, E.~L. and {Wojtak}, R. and {Gottl{\"o}ber}, S. and 
	{Mamon}, G.~A. and {Prada}, F.},
    title = "{Mass distribution in nearby Abell clusters}",
  journal = {\mnras},
   eprint = {astro-ph/0511723},
 keywords = {galaxies: clusters: general, galaxies: kinematics and dynamics, dark matter},
     year = 2006,
    month = apr,
   volume = 367,
    pages = {1463-1472},
      doi = {10.1111/j.1365-2966.2006.10151.x},
   adsurl = {http://adsabs.harvard.edu/abs/2006MNRAS.367.1463L},
  adsnote = {Provided by the SAO/NASA Astrophysics Data System}
}

@ARTICLE{ME14.1,
   author = {{Merten}, J. and {Meneghetti}, M. and {Postman}, M. and {Umetsu}, K. and 
	{Zitrin}, A. and {Medezinski}, E. and {Nonino}, M. and {Koekemoer}, A. and 
	{Melchior}, P. and {Gruen}, D. and {Moustakas}, L.~A. and {Bartelmann}, M. and 
	{Host}, O. and {Donahue}, M. and {Coe}, D. and {Molino}, A. and 
	{Jouvel}, S. and {Monna}, A. and {Seitz}, S. and {Czakon}, N. and 
	{Lemze}, D. and {Sayers}, J. and {Balestra}, I. and {Rosati}, P. and 
	{Ben{\'{\i}}tez}, N. and {Biviano}, A. and {Bouwens}, R. and 
	{Bradley}, L. and {Broadhurst}, T. and {Carrasco}, M. and {Ford}, H. and 
	{Grillo}, C. and {Infante}, L. and {Kelson}, D. and {Lahav}, O. and 
	{Massey}, R. and {Moustakas}, J. and {Rasia}, E. and {Rhodes}, J. and 
	{Vega}, J. and {Zheng}, W.},
    title = "{CLASH: The Concentration-Mass Relation of Galaxy Clusters}",
  journal = {ArXiv e-prints},
archivePrefix = "arXiv",
   eprint = {1404.1376},
 keywords = {Astrophysics - Cosmology and Nongalactic Astrophysics, Astrophysics - Astrophysics of Galaxies},
     year = 2014,
    month = apr,
   adsurl = {http://adsabs.harvard.edu/abs/2014arXiv1404.1376M},
  adsnote = {Provided by the SAO/NASA Astrophysics Data System}
}

@ARTICLE{VI06.1,
   author = {{Vikhlinin}, A. and {Kravtsov}, A. and {Forman}, W. and {Jones}, C. and 
	{Markevitch}, M. and {Murray}, S.~S. and {Van Speybroeck}, L.
	},
    title = "{Chandra Sample of Nearby Relaxed Galaxy Clusters: Mass, Gas Fraction, and Mass-Temperature Relation}",
  journal = {\apj},
   eprint = {astro-ph/0507092},
 keywords = {Cosmology: Observations, Cosmology: Dark Matter, Galaxies: Clusters: General, X-Rays: Galaxies: Clusters},
     year = 2006,
    month = apr,
   volume = 640,
    pages = {691-709},
      doi = {10.1086/500288},
   adsurl = {http://adsabs.harvard.edu/abs/2006ApJ...640..691V},
  adsnote = {Provided by the SAO/NASA Astrophysics Data System}
}
@ARTICLE{VO06.1,
   author = {{Voigt}, L.~M. and {Fabian}, A.~C.},
    title = "{Galaxy cluster mass profiles}",
  journal = {\mnras},
   eprint = {astro-ph/0602373},
 keywords = {galaxies: clusters: general , dark matter , X-rays: galaxies},
     year = 2006,
    month = may,
   volume = 368,
    pages = {518-533},
      doi = {10.1111/j.1365-2966.2006.10199.x},
   adsurl = {http://adsabs.harvard.edu/abs/2006MNRAS.368..518V},
  adsnote = {Provided by the SAO/NASA Astrophysics Data System}
}

@ARTICLE{MC99.1,
   author = {{McLaughlin}, D.~E.},
    title = "{Evidence in Virgo for the Universal Dark Matter Halo}",
  journal = {\apjl},
   eprint = {astro-ph/9812242},
 keywords = {COSMOLOGY: DARK MATTER, GALAXIES: CLUSTERS: GENERAL, GALAXIES: CLUSTERS: INDIVIDUAL: NAME: VIRGO, GALAXIES: INDIVIDUAL: MESSIER NUMBER: M87, GALAXIES: INTERGALACTIC MEDIUM, Cosmology: Dark Matter, Galaxies: Clusters: General, Galaxies: Clusters: Individual: Name: Virgo, Galaxies: Individual: Messier Number: M87, Galaxies: Intergalactic Medium},
     year = 1999,
    month = feb,
   volume = 512,
    pages = {L9-L12},
      doi = {10.1086/311860},
   adsurl = {http://adsabs.harvard.edu/abs/1999ApJ...512L...9M},
  adsnote = {Provided by the SAO/NASA Astrophysics Data System}
}

@ARTICLE{XU01.1,
   author = {{Xu}, H. and {Jin}, G. and {Wu}, X.-P.},
    title = "{The Mass-Temperature Relation of 22 Nearby Clusters}",
  journal = {\apj},
   eprint = {astro-ph/0101564},
 keywords = {Galaxies: Clusters: General, Galaxies: Intergalactic Medium, X-Rays: Galaxies},
     year = 2001,
    month = may,
   volume = 553,
    pages = {78-83},
      doi = {10.1086/320662},
   adsurl = {http://adsabs.harvard.edu/abs/2001ApJ...553...78X},
  adsnote = {Provided by the SAO/NASA Astrophysics Data System}
}

@ARTICLE{RI03.1,
   author = {{Rines}, K. and {Geller}, M.~J. and {Kurtz}, M.~J. and {Diaferio}, A.
	},
    title = "{CAIRNS: The Cluster and Infall Region Nearby Survey. I. Redshifts and Mass Profiles}",
  journal = {\aj},
   eprint = {astro-ph/0306538},
 keywords = {Cosmology: Observations, Galaxies: Clusters: General, Galaxies: Kinematics and Dynamics},
     year = 2003,
    month = nov,
   volume = 126,
    pages = {2152-2170},
      doi = {10.1086/378599},
   adsurl = {http://adsabs.harvard.edu/abs/2003AJ....126.2152R},
  adsnote = {Provided by the SAO/NASA Astrophysics Data System}
}

@ARTICLE{LO03.1,
   author = {{{\L}okas}, E.~L. and {Mamon}, G.~A.},
    title = "{Dark matter distribution in the Coma cluster from galaxy kinematics: breaking the mass-anisotropy degeneracy}",
  journal = {\mnras},
   eprint = {astro-ph/0302461},
 keywords = {methods: analytical, galaxies: clusters: individual: Coma, galaxies: kinematics and dynamics, dark matter},
     year = 2003,
    month = aug,
   volume = 343,
    pages = {401-412},
      doi = {10.1046/j.1365-8711.2003.06684.x},
   adsurl = {http://adsabs.harvard.edu/abs/2003MNRAS.343..401L},
  adsnote = {Provided by the SAO/NASA Astrophysics Data System}
}

@ARTICLE{KE02.2,
   author = {{Kelson}, D.~D. and {Zabludoff}, A.~I. and {Williams}, K.~A. and 
	{Trager}, S.~C. and {Mulchaey}, J.~S. and {Bolte}, M.},
    title = "{Determination of the Dark Matter Profile of A2199 from Integrated Starlight}",
  journal = {\apj},
   eprint = {astro-ph/0205316},
 keywords = {Cosmology: Dark Matter, Galaxies: Clusters: Individual: Alphanumeric: A2199, Galaxies: Elliptical and Lenticular, cD, Galaxies: Individual: NGC Number: NGC 6166, Galaxies: Kinematics and Dynamics, Galaxies: Stellar Content},
     year = 2002,
    month = sep,
   volume = 576,
    pages = {720-737},
      doi = {10.1086/341891},
   adsurl = {http://adsabs.harvard.edu/abs/2002ApJ...576..720K},
  adsnote = {Provided by the SAO/NASA Astrophysics Data System}
}

@ARTICLE{MA99.1,
   author = {{Markevitch}, M. and {Vikhlinin}, A. and {Forman}, W.~R. and 
	{Sarazin}, C.~L.},
    title = "{Mass Profiles of the Typical Relaxed Galaxy Clusters A2199 and A496}",
  journal = {\apj},
   eprint = {astro-ph/9904382},
 keywords = {GALAXIES: COOLING FLOWS, COSMOLOGY: DARK MATTER, GALAXIES: CLUSTERS: INDIVIDUAL (A2199, A496), GALAXIES: INTERGALACTIC MEDIUM, X-RAYS: GALAXIES, Galaxies: Cooling Flows, Cosmology: Dark Matter, galaxies: clusters: individual (A2199, Galaxies: Intergalactic Medium, X-Rays: Galaxies},
     year = 1999,
    month = dec,
   volume = 527,
    pages = {545-553},
      doi = {10.1086/308124},
   adsurl = {http://adsabs.harvard.edu/abs/1999ApJ...527..545M},
  adsnote = {Provided by the SAO/NASA Astrophysics Data System}
}

@ARTICLE{PO05.1,
   author = {{Pointecouteau}, E. and {Arnaud}, M. and {Pratt}, G.~W.},
    title = "{The structural and scaling properties of nearby galaxy clusters. I. The universal mass profile}",
  journal = {\aap},
   eprint = {astro-ph/0501635},
 keywords = {cosmology: observations, cosmology: dark matter, X-rays:, galaxies: clusters, galaxies: clusters: general},
     year = 2005,
    month = may,
   volume = 435,
    pages = {1-7},
      doi = {10.1051/0004-6361:20042569},
   adsurl = {http://adsabs.harvard.edu/abs/2005A%26A...435....1P},
  adsnote = {Provided by the SAO/NASA Astrophysics Data System}
}

@ARTICLE{PR05.1,
   author = {{Pratt}, G.~W. and {Arnaud}, M.},
    title = "{XMM-Newton observations of three poor clusters: Similarity in dark matter and entropy profiles down to low mass}",
  journal = {\aap},
   eprint = {astro-ph/0406366},
 keywords = {cosmology: observations, cosmology: dark matter, X-rays: galaxies: clusters, galaxies: clusters: individual: A 1991},
     year = 2005,
    month = jan,
   volume = 429,
    pages = {791-806},
      doi = {10.1051/0004-6361:20041479},
   adsurl = {http://adsabs.harvard.edu/abs/2005A%26A...429..791P},
  adsnote = {Provided by the SAO/NASA Astrophysics Data System}
}

@ARTICLE{BU04.1,
   author = {{Buote}, D.~A. and {Lewis}, A.~D.},
    title = "{The Dark Matter Radial Profile in the Core of the Relaxed Cluster A2589}",
  journal = {\apj},
   eprint = {astro-ph/0312109},
 keywords = {Cosmology: Cosmological Parameters, Cosmology: Dark Matter, Galaxies: Clusters: Individual: Alphanumeric: A2589, Galaxies: Intergalactic Medium, X-Rays: Galaxies: Clusters},
     year = 2004,
    month = mar,
   volume = 604,
    pages = {116-124},
      doi = {10.1086/381793},
   adsurl = {http://adsabs.harvard.edu/abs/2004ApJ...604..116B},
  adsnote = {Provided by the SAO/NASA Astrophysics Data System}
}

@ARTICLE{DA01.1,
   author = {{David}, L.~P. and {Nulsen}, P.~E.~J. and {McNamara}, B.~R. and 
	{Forman}, W. and {Jones}, C. and {Ponman}, T. and {Robertson}, B. and 
	{Wise}, M.},
    title = "{A High-Resolution Study of the Hydra A Cluster with Chandra: Comparison of the Core Mass Distribution with Theoretical Predictions and Evidence for Feedback in the Cooling Flow}",
  journal = {\apj},
   eprint = {astro-ph/0010224},
 keywords = {Galaxies: Cooling Flows, Galaxies: Clusters: Individual: Name: Hydra A, Galaxies: Intergalactic Medium, X-Rays: Galaxies},
     year = 2001,
    month = aug,
   volume = 557,
    pages = {546-559},
      doi = {10.1086/322250},
   adsurl = {http://adsabs.harvard.edu/abs/2001ApJ...557..546D},
  adsnote = {Provided by the SAO/NASA Astrophysics Data System}
}

@ARTICLE{OK08.1,
   author = {{Okabe}, N. and {Umetsu}, K.},
    title = "{Subaru Weak Lensing Study of Seven Merging Clusters: Distributions of Mass and Baryons}",
  journal = {\pasj},
   eprint = {astro-ph/0702649},
 keywords = {gravitational lensing, galaxies: clusters: individual (Abell520, Abell754, Abell1750, Abell1758, Abell1914, Abell2034, Abell2142), X-rays: galaxies: clusters},
     year = 2008,
    month = apr,
   volume = 60,
    pages = {345-},
      doi = {10.1093/pasj/60.2.345},
   adsurl = {http://adsabs.harvard.edu/abs/2008PASJ...60..345O},
  adsnote = {Provided by the SAO/NASA Astrophysics Data System}
}

@ARTICLE{SC07.1,
   author = {{Schmidt}, R.~W. and {Allen}, S.~W.},
    title = "{The dark matter haloes of massive, relaxed galaxy clusters observed with Chandra}",
  journal = {\mnras},
   eprint = {astro-ph/0610038},
 keywords = {cosmology: observations, dark matter, X-rays: galaxies: clusters},
     year = 2007,
    month = jul,
   volume = 379,
    pages = {209-221},
      doi = {10.1111/j.1365-2966.2007.11928.x},
   adsurl = {http://adsabs.harvard.edu/abs/2007MNRAS.379..209S},
  adsnote = {Provided by the SAO/NASA Astrophysics Data System}
}

@ARTICLE{BU05.1,
   author = {{Buote}, D.~A. and {Humphrey}, P.~J. and {Stocke}, J.~T.},
    title = "{The Heated Core of the Radio-quiet Galaxy Cluster A644}",
  journal = {\apj},
   eprint = {astro-ph/0505415},
 keywords = {Galaxies: Cooling Flows, Galaxies: Clusters: Individual: Name: Abell 644, Galaxies: Formation, Galaxies: Halos, X-Rays: Galaxies: Clusters},
     year = 2005,
    month = sep,
   volume = 630,
    pages = {750-758},
      doi = {10.1086/432045},
   adsurl = {http://adsabs.harvard.edu/abs/2005ApJ...630..750B},
  adsnote = {Provided by the SAO/NASA Astrophysics Data System}
}

@ARTICLE{LE03.1,
   author = {{Lewis}, A.~D. and {Buote}, D.~A. and {Stocke}, J.~T.},
    title = "{Chandra Observations of A2029: The Dark Matter Profile Down to below 0.01r$_{vir}$ in an Unusually Relaxed Cluster}",
  journal = {\apj},
   eprint = {astro-ph/0209205},
 keywords = {Cosmology: Cosmological Parameters, Cosmology: Dark Matter, Galaxies: Clusters: Individual: Alphanumeric: A2029, Galaxies: Intergalactic Medium, X-Rays: Galaxies: Clusters},
     year = 2003,
    month = mar,
   volume = 586,
    pages = {135-142},
      doi = {10.1086/367556},
   adsurl = {http://adsabs.harvard.edu/abs/2003ApJ...586..135L},
  adsnote = {Provided by the SAO/NASA Astrophysics Data System}
}

@ARTICLE{PO04.1,
   author = {{Pointecouteau}, E. and {Arnaud}, M. and {Kaastra}, J. and {de Plaa}, J.
	},
    title = "{XMM-Newton observation of the relaxed cluster A478: Gas and dark matter distribution from 0.01R$_{200}$ to 0.5R$_{200}$}",
  journal = {\aap},
   eprint = {astro-ph/0403596},
 keywords = {galaxies: clusters: individual: A478, galaxies: intergalacic medium, cosmology: observations, cosmology: dark matter, X-rays: galaxies: clusters},
     year = 2004,
    month = aug,
   volume = 423,
    pages = {33-47},
      doi = {10.1051/0004-6361:20035856},
   adsurl = {http://adsabs.harvard.edu/abs/2004A%26A...423...33P},
  adsnote = {Provided by the SAO/NASA Astrophysics Data System}
}

@ARTICLE{AL03.1,
   author = {{Allen}, S.~W. and {Schmidt}, R.~W. and {Fabian}, A.~C. and 
	{Ebeling}, H.},
    title = "{Cosmological constraints from the local X-ray luminosity function of the most X-ray-luminous galaxy clusters}",
  journal = {\mnras},
   eprint = {astro-ph/0208394},
 keywords = {gravitational lensing, cosmological parameters, large-scale structure of Universe, X-rays: galaxies: clusters},
     year = 2003,
    month = jun,
   volume = 342,
    pages = {287-298},
      doi = {10.1046/j.1365-8711.2003.06550.x},
   adsurl = {http://adsabs.harvard.edu/abs/2003MNRAS.342..287A},
  adsnote = {Provided by the SAO/NASA Astrophysics Data System}
}

@ARTICLE{UM09.1,
   author = {{Umetsu}, K. and {Birkinshaw}, M. and {Liu}, G.-C. and {Wu}, J.-H.~P. and 
	{Medezinski}, E. and {Broadhurst}, T. and {Lemze}, D. and {Zitrin}, A. and 
	{Ho}, P.~T.~P. and {Huang}, C.-W.~L. and {Koch}, P.~M. and {Liao}, Y.-W. and 
	{Lin}, K.-Y. and {Molnar}, S.~M. and {Nishioka}, H. and {Wang}, F.-C. and 
	{Altamirano}, P. and {Chang}, C.-H. and {Chang}, S.-H. and {Chang}, S.-W. and 
	{Chen}, M.-T. and {Han}, C.-C. and {Huang}, Y.-D. and {Hwang}, Y.-J. and 
	{Jiang}, H. and {Kesteven}, M. and {Kubo}, D.~Y. and {Li}, C.-T. and 
	{Martin-Cocher}, P. and {Oshiro}, P. and {Raffin}, P. and {Wei}, T. and 
	{Wilson}, W.},
    title = "{Mass and Hot Baryons in Massive Galaxy Clusters from Subaru Weak-Lensing and AMiBA Sunyaev-Zel'Dovich Effect Observations}",
  journal = {\apj},
archivePrefix = "arXiv",
   eprint = {0810.0969},
 keywords = {cosmic microwave background, cosmology: observations, galaxies: clusters: individual: A1689 A2142 A2261 A2390, gravitational lensing},
     year = 2009,
    month = apr,
   volume = 694,
    pages = {1643-1663},
      doi = {10.1088/0004-637X/694/2/1643},
   adsurl = {http://adsabs.harvard.edu/abs/2009ApJ...694.1643U},
  adsnote = {Provided by the SAO/NASA Astrophysics Data System}
}

@ARTICLE{OK10.1,
   author = {{Okabe}, N. and {Takada}, M. and {Umetsu}, K. and {Futamase}, T. and 
	{Smith}, G.~P.},
    title = "{LoCuSS: Subaru Weak Lensing Study of 30 Galaxy Clusters}",
  journal = {\pasj},
archivePrefix = "arXiv",
   eprint = {0903.1103},
 primaryClass = "astro-ph.CO",
 keywords = {cosmology: observations, dark matter, galaxies: clusters, gravitational lensing},
     year = 2010,
    month = jun,
   volume = 62,
    pages = {811-},
      doi = {10.1093/pasj/62.3.811},
   adsurl = {http://adsabs.harvard.edu/abs/2010PASJ...62..811O},
  adsnote = {Provided by the SAO/NASA Astrophysics Data System}
}

@ARTICLE{KH06.1,
   author = {{Khosroshahi}, H.~G. and {Maughan}, B.~J. and {Ponman}, T.~J. and 
	{Jones}, L.~R.},
    title = "{A fossil galaxy cluster: an X-ray and optical study of RX J1416.4+2315}",
  journal = {\mnras},
   eprint = {astro-ph/0603606},
 keywords = {galaxies: clusters: general: galaxies: elliptical and lenticular, cD: galaxies: haloes: intergalactic medium: X-rays: galaxies: X-rays: galaxies: clusters, galaxies: clusters: general, galaxies: elliptical and lenticular, cD, galaxies: haloes, intergalactic medium, X-rays: galaxies, X-rays: galaxies: clusters},
     year = 2006,
    month = jul,
   volume = 369,
    pages = {1211-1220},
      doi = {10.1111/j.1365-2966.2006.10357.x},
   adsurl = {http://adsabs.harvard.edu/abs/2006MNRAS.369.1211K},
  adsnote = {Provided by the SAO/NASA Astrophysics Data System}
}

@ARTICLE{CL02.1,
   author = {{Clowe}, D. and {Schneider}, P.},
    title = "{Wide field weak lensing observations of A1835 and A2204}",
  journal = {\aap},
   eprint = {astro-ph/0208097},
 keywords = {gravitational lensing, galaxies: clusters: individual: A1835, galaxies: clusters: individual: A2204, dark matter},
     year = 2002,
    month = nov,
   volume = 395,
    pages = {385-397},
      doi = {10.1051/0004-6361:20021137},
   adsurl = {http://adsabs.harvard.edu/abs/2002A%26A...395..385C},
  adsnote = {Provided by the SAO/NASA Astrophysics Data System}
}

@ARTICLE{CL01.1,
   author = {{Clowe}, D. and {Schneider}, P.},
    title = "{Mass Profiles of Clusters at Large Radii from Weak Gravitational Lensing}",
  journal = {ArXiv Astrophysics e-prints},
   eprint = {astro-ph/0109260},
 keywords = {Astrophysics},
     year = 2001,
    month = sep,
   adsurl = {http://adsabs.harvard.edu/abs/2001astro.ph..9260C},
  adsnote = {Provided by the SAO/NASA Astrophysics Data System}
}

@ARTICLE{BA07.1,
   author = {{Bardeau}, S. and {Soucail}, G. and {Kneib}, J.-P. and {Czoske}, O. and 
	{Ebeling}, H. and {Hudelot}, P. and {Smail}, I. and {Smith}, G.~P.
	},
    title = "{A CFH12k lensing survey of X-ray luminous galaxy clusters. II. Weak lensing analysis and global correlations}",
  journal = {\aap},
   eprint = {astro-ph/0703395},
 keywords = {gravitational lensing, dark matter, galaxies: clusters: general},
     year = 2007,
    month = aug,
   volume = 470,
    pages = {449-466},
      doi = {10.1051/0004-6361:20077443},
   adsurl = {http://adsabs.harvard.edu/abs/2007A%26A...470..449B},
  adsnote = {Provided by the SAO/NASA Astrophysics Data System}
}

@ARTICLE{UM11.1,
   author = {{Umetsu}, K. and {Broadhurst}, T. and {Zitrin}, A. and {Medezinski}, E. and 
	{Hsu}, L.-Y.},
    title = "{Cluster Mass Profiles from a Bayesian Analysis of Weak-lensing Distortion and Magnification Measurements: Applications to Subaru Data}",
  journal = {\apj},
archivePrefix = "arXiv",
   eprint = {1011.3044},
 primaryClass = "astro-ph.CO",
 keywords = {cosmology: observations, dark matter, galaxies: clusters: general, gravitational lensing: strong, gravitational lensing: weak},
     year = 2011,
    month = mar,
   volume = 729,
      eid = {127},
    pages = {127},
      doi = {10.1088/0004-637X/729/2/127},
   adsurl = {http://adsabs.harvard.edu/abs/2011ApJ...729..127U},
  adsnote = {Provided by the SAO/NASA Astrophysics Data System}
}

@ARTICLE{HA06.1,
   author = {{Halkola}, A. and {Seitz}, S. and {Pannella}, M.},
    title = "{Parametric strong gravitational lensing analysis of Abell 1689}",
  journal = {\mnras},
   eprint = {astro-ph/0605470},
 keywords = {gravitational lensing, galaxies: clusters: individual: Abell 1689, dark matter},
     year = 2006,
    month = nov,
   volume = 372,
    pages = {1425-1462},
      doi = {10.1111/j.1365-2966.2006.10948.x},
   adsurl = {http://adsabs.harvard.edu/abs/2006MNRAS.372.1425H},
  adsnote = {Provided by the SAO/NASA Astrophysics Data System}
}

@ARTICLE{ZE06.1,
   author = {{Zekser}, K.~C. and {White}, R.~L. and {Broadhurst}, T.~J. and 
	{Ben{\'{\i}}tez}, N. and {Ford}, H.~C. and {Illingworth}, G.~D. and 
	{Blakeslee}, J.~P. and {Postman}, M. and {Jee}, M.~J. and {Coe}, D.~A.
	},
    title = "{Mass Modeling of Abell 1689 Advanced Camera for Surveys Observations with a Perturbed Navarro-Frenk-White Model}",
  journal = {\apj},
 keywords = {Cosmology: Cosmological Parameters, Cosmology: Dark Matter, Galaxies: Clusters: Individual: Name: Abell 1689, Cosmology: Gravitational Lensing},
     year = 2006,
    month = apr,
   volume = 640,
    pages = {639-661},
      doi = {10.1086/500285},
   adsurl = {http://adsabs.harvard.edu/abs/2006ApJ...640..639Z},
  adsnote = {Provided by the SAO/NASA Astrophysics Data System}
}

@ARTICLE{BR05.1,
   author = {{Broadhurst}, T. and {Takada}, M. and {Umetsu}, K. and {Kong}, X. and 
	{Arimoto}, N. and {Chiba}, M. and {Futamase}, T.},
    title = "{The Surprisingly Steep Mass Profile of A1689, from a Lensing Analysis of Subaru Images}",
  journal = {\apjl},
   eprint = {astro-ph/0412192},
 keywords = {Cosmology: Observations, Galaxies: Clusters: Individual: Alphanumeric: A1689, Cosmology: Gravitational Lensing},
     year = 2005,
    month = feb,
   volume = 619,
    pages = {L143-L146},
      doi = {10.1086/428122},
   adsurl = {http://adsabs.harvard.edu/abs/2005ApJ...619L.143B},
  adsnote = {Provided by the SAO/NASA Astrophysics Data System}
}

@ARTICLE{ME07.1,
   author = {{Medezinski}, E. and {Broadhurst}, T. and {Umetsu}, K. and {Coe}, D. and 
	{Ben{\'{\i}}tez}, N. and {Ford}, H. and {Rephaeli}, Y. and {Arimoto}, N. and 
	{Kong}, X.},
    title = "{Using Weak-Lensing Dilution to Improve Measurements of the Luminous and Dark Matter in A1689}",
  journal = {\apj},
   eprint = {astro-ph/0608499},
 keywords = {Cosmology: Observations, Cosmology: Gravitational Lensing, Galaxies: Clusters: Individual: Name: Abell 1689},
     year = 2007,
    month = jul,
   volume = 663,
    pages = {717-733},
      doi = {10.1086/518638},
   adsurl = {http://adsabs.harvard.edu/abs/2007ApJ...663..717M},
  adsnote = {Provided by the SAO/NASA Astrophysics Data System}
}

@ARTICLE{BA05.1,
   author = {{Bardeau}, S. and {Kneib}, J.-P. and {Czoske}, O. and {Soucail}, G. and 
	{Smail}, I. and {Ebeling}, H. and {Smith}, G.~P.},
    title = "{A CFH12k lensing survey of X-ray luminous galaxy clusters. I. Weak lensing methodology}",
  journal = {\aap},
   eprint = {astro-ph/0407255},
 keywords = {gravitational lensing, galaxies: clusters: general, galaxies: clusters: individual: Abell 1689},
     year = 2005,
    month = may,
   volume = 434,
    pages = {433-448},
      doi = {10.1051/0004-6361:20041643},
   adsurl = {http://adsabs.harvard.edu/abs/2005A%26A...434..433B},
  adsnote = {Provided by the SAO/NASA Astrophysics Data System}
}

@ARTICLE{BR05.2,
   author = {{Broadhurst}, T. and {Ben{\'{\i}}tez}, N. and {Coe}, D. and 
	{Sharon}, K. and {Zekser}, K. and {White}, R. and {Ford}, H. and 
	{Bouwens}, R. and {Blakeslee}, J. and {Clampin}, M. and {Cross}, N. and 
	{Franx}, M. and {Frye}, B. and {Hartig}, G. and {Illingworth}, G. and 
	{Infante}, L. and {Menanteau}, F. and {Meurer}, G. and {Postman}, M. and 
	{Ardila}, D.~R. and {Bartko}, F. and {Brown}, R.~A. and {Burrows}, C.~J. and 
	{Cheng}, E.~S. and {Feldman}, P.~D. and {Golimowski}, D.~A. and 
	{Goto}, T. and {Gronwall}, C. and {Herranz}, D. and {Holden}, B. and 
	{Homeier}, N. and {Krist}, J.~E. and {Lesser}, M.~P. and {Martel}, A.~R. and 
	{Miley}, G.~K. and {Rosati}, P. and {Sirianni}, M. and {Sparks}, W.~B. and 
	{Steindling}, S. and {Tran}, H.~D. and {Tsvetanov}, Z.~I. and 
	{Zheng}, W.},
    title = "{Strong-Lensing Analysis of A1689 from Deep Advanced Camera Images}",
  journal = {\apj},
   eprint = {astro-ph/0409132},
 keywords = {Cosmology: Cosmological Parameters, galaxies: clusters: individual (A1683), Cosmology: Gravitational Lensing},
     year = 2005,
    month = mar,
   volume = 621,
    pages = {53-88},
      doi = {10.1086/426494},
   adsurl = {http://adsabs.harvard.edu/abs/2005ApJ...621...53B},
  adsnote = {Provided by the SAO/NASA Astrophysics Data System}
}

@INPROCEEDINGS{CL03.1,
   author = {{Clowe}, D.},
    title = "{Wide-Field Weak Lensing Cluster Mass Reconstructions}",
booktitle = {Matter and Energy in Clusters of Galaxies},
     year = 2003,
   series = {Astronomical Society of the Pacific Conference Series},
   volume = 301,
   editor = {{Bowyer}, S. and {Hwang}, C.-Y.},
    pages = {271},
   adsurl = {http://adsabs.harvard.edu/abs/2003ASPC..301..271C},
  adsnote = {Provided by the SAO/NASA Astrophysics Data System}
}

@ARTICLE{KI02.1,
   author = {{King}, L.~J. and {Clowe}, D.~I. and {Schneider}, P.},
    title = "{Parameterised models for the lensing cluster Abell 1689}",
  journal = {\aap},
   eprint = {astro-ph/0112211},
 keywords = {DARK MATTER, GRAVITATIONAL LENSING, LARGE-SCALE STRUCTURE OF UNIVERSE, GALAXIES: CLUSTERS: GENERAL, METHODS: STATISTICAL},
     year = 2002,
    month = jan,
   volume = 383,
    pages = {118-124},
      doi = {10.1051/0004-6361:20011722},
   adsurl = {http://adsabs.harvard.edu/abs/2002A%26A...383..118K},
  adsnote = {Provided by the SAO/NASA Astrophysics Data System}
}

@ARTICLE{CL01.2,
   author = {{Clowe}, D. and {Schneider}, P.},
    title = "{Wide field weak lensing observations of A1689}",
  journal = {\aap},
   eprint = {astro-ph/0107433},
 keywords = {GRAVITATIONAL LENSING, GALAXIES: CLUSTERS: INDIVIDUAL: A1689, DARK MATTER},
     year = 2001,
    month = nov,
   volume = 379,
    pages = {384-392},
      doi = {10.1051/0004-6361:20011310},
   adsurl = {http://adsabs.harvard.edu/abs/2001A%26A...379..384C},
  adsnote = {Provided by the SAO/NASA Astrophysics Data System}
}

@ARTICLE{LI07.1,
   author = {{Limousin}, M. and {Richard}, J. and {Jullo}, E. and {Kneib}, J.-P. and 
	{Fort}, B. and {Soucail}, G. and {El{\'{\i}}asd{\'o}ttir}, {\'A}. and 
	{Natarajan}, P. and {Ellis}, R.~S. and {Smail}, I. and {Czoske}, O. and 
	{Smith}, G.~P. and {Hudelot}, P. and {Bardeau}, S. and {Ebeling}, H. and 
	{Egami}, E. and {Knudsen}, K.~K.},
    title = "{Combining Strong and Weak Gravitational Lensing in Abell 1689}",
  journal = {\apj},
   eprint = {astro-ph/0612165},
 keywords = {Cosmology: Observations, Galaxies: Clusters: Individual: Alphanumeric: A1689, Cosmology: Gravitational Lensing},
     year = 2007,
    month = oct,
   volume = 668,
    pages = {643-666},
      doi = {10.1086/521293},
   adsurl = {http://adsabs.harvard.edu/abs/2007ApJ...668..643L},
  adsnote = {Provided by the SAO/NASA Astrophysics Data System}
}

@ARTICLE{AN04.1,
   author = {{Andersson}, K.~E. and {Madejski}, G.~M.},
    title = "{Complex Structure of Galaxy Cluster A1689: Evidence for a Merger from X-Ray Data?}",
  journal = {\apj},
   eprint = {astro-ph/0401604},
 keywords = {Cosmology: Dark Matter, Galaxies: Clusters: Individual: Alphanumeric: A1689, X-Rays: Galaxies: Clusters},
     year = 2004,
    month = may,
   volume = 607,
    pages = {190-201},
      doi = {10.1086/383258},
   adsurl = {http://adsabs.harvard.edu/abs/2004ApJ...607..190A},
  adsnote = {Provided by the SAO/NASA Astrophysics Data System}
}

@ARTICLE{WA05.1,
   author = {{Wang}, Y. and {Xu}, H. and {Zhang}, Z. and {Xu}, Y. and {Wu}, X.-P. and 
	{Xue}, S.-J. and {Li}, Z.},
    title = "{Chandra Observation of the Cluster of Galaxies MS 0839.9+2938 at z = 0.194: The Central Excess Iron and Type Ia Supernova Enrichment}",
  journal = {\apj},
   eprint = {astro-ph/0506260},
 keywords = {Galaxies: Clusters: Individual: Alphanumeric: MS 0839.9+2938, Galaxies: Evolution, Galaxies: Intergalactic Medium, X-Rays: Galaxies: Clusters},
     year = 2005,
    month = sep,
   volume = 631,
    pages = {197-207},
      doi = {10.1086/432369},
   adsurl = {http://adsabs.harvard.edu/abs/2005ApJ...631..197W},
  adsnote = {Provided by the SAO/NASA Astrophysics Data System}
}

@ARTICLE{MO99.1,
   author = {{Molikawa}, K. and {Hattori}, M. and {Kneib}, J.-P. and {Yamashita}, K.
	},
    title = "{The giant luminous arc statistics. II. Spherical lens models based on ROSAT HRI data}",
  journal = {\aap},
   eprint = {astro-ph/9909180},
 keywords = {GALAXIES: CLUSTERS: GENERAL, GALAXIES: STATISTICS, COSMOLOGY: OBSERVATIONS, COSMOLOGY: GRAVITATIONAL LENSING, X-RAYS: GALAXIES},
     year = 1999,
    month = nov,
   volume = 351,
    pages = {413-432},
   adsurl = {http://adsabs.harvard.edu/abs/1999A%26A...351..413M},
  adsnote = {Provided by the SAO/NASA Astrophysics Data System}
}

@ARTICLE{OK11.1,
   author = {{Okabe}, N. and {Bourdin}, H. and {Mazzotta}, P. and {Maurogordato}, S.
	},
    title = "{Subaru Weak-lensing Study of A2163: Bimodal Mass Structure}",
  journal = {\apj},
archivePrefix = "arXiv",
   eprint = {1107.0004},
 primaryClass = "astro-ph.CO",
 keywords = {cosmology: observations, dark matter, galaxies: clusters: general, gravitational lensing: weak, X-rays: galaxies: clusters, X-rays: individual: A2163},
     year = 2011,
    month = nov,
   volume = 741,
      eid = {116},
    pages = {116},
      doi = {10.1088/0004-637X/741/2/116},
   adsurl = {http://adsabs.harvard.edu/abs/2011ApJ...741..116O},
  adsnote = {Provided by the SAO/NASA Astrophysics Data System}
}

@ARTICLE{OG12.1,
   author = {{Oguri}, M. and {Bayliss}, M.~B. and {Dahle}, H. and {Sharon}, K. and 
	{Gladders}, M.~D. and {Natarajan}, P. and {Hennawi}, J.~F. and 
	{Koester}, B.~P.},
    title = "{Combined strong and weak lensing analysis of 28 clusters from the Sloan Giant Arcs Survey}",
  journal = {\mnras},
archivePrefix = "arXiv",
   eprint = {1109.2594},
 primaryClass = "astro-ph.CO",
 keywords = {gravitational lensing: strong, gravitational lensing: weak, galaxies: clusters: general, dark matter},
     year = 2012,
    month = mar,
   volume = 420,
    pages = {3213-3239},
      doi = {10.1111/j.1365-2966.2011.20248.x},
   adsurl = {http://adsabs.harvard.edu/abs/2012MNRAS.420.3213O},
  adsnote = {Provided by the SAO/NASA Astrophysics Data System}
}

@ARTICLE{CO07.1,
   author = {{Comerford}, J.~M. and {Natarajan}, P.},
    title = "{The observed concentration-mass relation for galaxy clusters}",
  journal = {\mnras},
   eprint = {astro-ph/0703126},
 keywords = {gravitational lensing, galaxies: clusters: general, cosmology: observations, dark matter},
     year = 2007,
    month = jul,
   volume = 379,
    pages = {190-200},
      doi = {10.1111/j.1365-2966.2007.11934.x},
   adsurl = {http://adsabs.harvard.edu/abs/2007MNRAS.379..190C},
  adsnote = {Provided by the SAO/NASA Astrophysics Data System}
}

@ARTICLE{GA05.2,
   author = {{Gavazzi}, R.},
    title = "{Projection effects in cluster mass estimates: the case of MS2137-23}",
  journal = {\aap},
   eprint = {astro-ph/0503696},
 keywords = {cosmology: dark matter, galaxies: clusters: individual:, MS2137, galaxies: elliptical and lenticular, cD, gravitational lensing, galaxies: kinematics and dynamics, galaxies: clusters: general},
     year = 2005,
    month = dec,
   volume = 443,
    pages = {793-804},
      doi = {10.1051/0004-6361:20053166},
   adsurl = {http://adsabs.harvard.edu/abs/2005A%26A...443..793G},
  adsnote = {Provided by the SAO/NASA Astrophysics Data System}
}

@ARTICLE{GA03.1,
   author = {{Gavazzi}, R. and {Fort}, B. and {Mellier}, Y. and {Pell{\'o}}, R. and 
	{Dantel-Fort}, M.},
    title = "{A radial mass profile analysis of the lensing cluster MS 2137.3-2353}",
  journal = {\aap},
   eprint = {astro-ph/0212214},
 keywords = {dark matter, galaxies: clusters: individual: MS 2137.3-2353, gravitational lensing},
     year = 2003,
    month = may,
   volume = 403,
    pages = {11-27},
      doi = {10.1051/0004-6361:20030306},
   adsurl = {http://adsabs.harvard.edu/abs/2003A%26A...403...11G},
  adsnote = {Provided by the SAO/NASA Astrophysics Data System}
}

@ARTICLE{GA02.2,
   author = {{Gavazzi}, R.},
    title = "{Constraints on MOND from the lensing cluster MS2137-23}",
  journal = {\nar},
     year = 2002,
    month = nov,
   volume = 46,
    pages = {783-789},
      doi = {10.1016/S1387-6473(02)00246-4},
   adsurl = {http://adsabs.harvard.edu/abs/2002NewAR..46..783G},
  adsnote = {Provided by the SAO/NASA Astrophysics Data System}
}

@ARTICLE{KN03.1,
   author = {{Kneib}, J.-P. and {Hudelot}, P. and {Ellis}, R.~S. and {Treu}, T. and 
	{Smith}, G.~P. and {Marshall}, P. and {Czoske}, O. and {Smail}, I. and 
	{Natarajan}, P.},
    title = "{A Wide-Field Hubble Space Telescope Study of the Cluster Cl 0024+1654 at z=0.4. II. The Cluster Mass Distribution}",
  journal = {\apj},
   eprint = {astro-ph/0307299},
 keywords = {Cosmology: Observations, Cosmology: Dark Matter, Galaxies: Clusters: Individual: Alphanumeric: Cl 0024+1654, Cosmology: Gravitational Lensing},
     year = 2003,
    month = dec,
   volume = 598,
    pages = {804-817},
      doi = {10.1086/378633},
   adsurl = {http://adsabs.harvard.edu/abs/2003ApJ...598..804K},
  adsnote = {Provided by the SAO/NASA Astrophysics Data System}
}

@ARTICLE{KL05.1,
   author = {{Kling}, T.~P. and {Dell'Antonio}, I. and {Wittman}, D. and 
	{Tyson}, J.~A.},
    title = "{Wide-Field Weak Lensing by RX J1347-1145}",
  journal = {\apj},
   eprint = {astro-ph/0502281},
 keywords = {Galaxies: Clusters: Individual: Alphanumeric: RX J1347-1145, Cosmology: Gravitational Lensing},
     year = 2005,
    month = jun,
   volume = 625,
    pages = {643-655},
      doi = {10.1086/428891},
   adsurl = {http://adsabs.harvard.edu/abs/2005ApJ...625..643K},
  adsnote = {Provided by the SAO/NASA Astrophysics Data System}
}

@ARTICLE{WI04.1,
   author = {{Williams}, L.~L.~R. and {Saha}, P.},
    title = "{Strong lensing constraints on the properties of cluster galaxies}",
  journal = {ArXiv Astrophysics e-prints},
   eprint = {astro-ph/0412445},
 keywords = {Astrophysics},
     year = 2004,
    month = dec,
   adsurl = {http://adsabs.harvard.edu/abs/2004astro.ph.12445W},
  adsnote = {Provided by the SAO/NASA Astrophysics Data System}
}

@ARTICLE{MA07.1,
   author = {{Maughan}, B.~J. and {Jones}, C. and {Jones}, L.~R. and {Van Speybroeck}, L.
	},
    title = "{Deep XMM-Newton and Chandra Observations of Cl J1226.9+3332: A Detailed X-Ray Mass Analysis of a z = 0.89 Galaxy Cluster}",
  journal = {\apj},
   eprint = {astro-ph/0609690},
 keywords = {Cosmology: Observations, Galaxies: Clusters: General, Galaxies: Clusters: Individual: Alphanumeric: Cl J1226.9+3332, Galaxies: High-Redshift, Galaxies: Intergalactic Medium, X-Rays: Galaxies},
     year = 2007,
    month = apr,
   volume = 659,
    pages = {1125-1137},
      doi = {10.1086/512669},
   adsurl = {http://adsabs.harvard.edu/abs/2007ApJ...659.1125M},
  adsnote = {Provided by the SAO/NASA Astrophysics Data System}
}

@ARTICLE{CO09.1,
   author = {{Corless}, V.~L. and {King}, L.~J. and {Clowe}, D.},
    title = "{A new look at massive clusters: weak lensing constraints on the triaxial dark matter haloes of A1689, A1835 and A2204}",
  journal = {\mnras},
archivePrefix = "arXiv",
   eprint = {0812.0632},
 keywords = {gravitational lensing , methods: statistical , galaxies: clusters: individual: Abell 1689 , galaxies: clusters: individual: Abell 1835 , cosmology: observations , dark matter},
     year = 2009,
    month = mar,
   volume = 393,
    pages = {1235-1254},
      doi = {10.1111/j.1365-2966.2008.14294.x},
   adsurl = {http://adsabs.harvard.edu/abs/2009MNRAS.393.1235C},
  adsnote = {Provided by the SAO/NASA Astrophysics Data System}
}

@ARTICLE{GA09.1,
   author = {{Gavazzi}, R. and {Adami}, C. and {Durret}, F. and {Cuillandre}, J.-C. and 
	{Ilbert}, O. and {Mazure}, A. and {Pell{\'o}}, R. and {Ulmer}, M.~P.
	},
    title = "{A weak lensing study of the Coma cluster}",
  journal = {\aap},
archivePrefix = "arXiv",
   eprint = {0904.0220},
 primaryClass = "astro-ph.CO",
 keywords = {gravitational lensing, galaxies: clusters: individual: Coma},
     year = 2009,
    month = may,
   volume = 498,
    pages = {L33-L36},
      doi = {10.1051/0004-6361/200911841},
   adsurl = {http://adsabs.harvard.edu/abs/2009A%26A...498L..33G},
  adsnote = {Provided by the SAO/NASA Astrophysics Data System}
}

@ARTICLE{GA08.1,
   author = {{Gastaldello}, F. and {Trevese}, D. and {Vagnetti}, F. and {Fusco-Femiano}, R.
	},
    title = "{XMM-Newton Observation of the Cluster Zw 1305.4+2941 in the Field SA 57}",
  journal = {\apj},
archivePrefix = "arXiv",
   eprint = {0709.3168},
 keywords = {Galaxies: Clusters: General, X-Rays: General},
     year = 2008,
    month = jan,
   volume = 673,
    pages = {176-182},
      doi = {10.1086/523937},
   adsurl = {http://adsabs.harvard.edu/abs/2008ApJ...673..176G},
  adsnote = {Provided by the SAO/NASA Astrophysics Data System}
}

@ARTICLE{ET11.1,
   author = {{Ettori}, S. and {Gastaldello}, F. and {Leccardi}, A. and {Molendi}, S. and 
	{Rossetti}, M. and {Buote}, D. and {Meneghetti}, M.},
    title = "{Mass profiles and c - M$_{DM}$ relation in X-ray luminous galaxy clusters (Corrigendum)}",
  journal = {\aap},
archivePrefix = "arXiv",
   eprint = {1009.3266},
 primaryClass = "astro-ph.CO",
 keywords = {galaxies: clusters: general, X-ray: galaxies: clusters, cosmology: observations, dark matter, intergalactic medium, Errata, addenda},
     year = 2011,
    month = feb,
   volume = 526,
      eid = {C1},
    pages = {C1},
      doi = {10.1051/0004-6361/201015271e},
   adsurl = {http://adsabs.harvard.edu/abs/2011A%26A...526C...1E},
  adsnote = {Provided by the SAO/NASA Astrophysics Data System}
}

@ARTICLE{KU07.1,
   author = {{Kubo}, J.~M. and {Stebbins}, A. and {Annis}, J. and {Dell'Antonio}, I.~P. and 
	{Lin}, H. and {Khiabanian}, H. and {Frieman}, J.~A.},
    title = "{The Mass of the Coma Cluster from Weak Lensing in the Sloan Digital Sky Survey}",
  journal = {\apj},
archivePrefix = "arXiv",
   eprint = {0709.0506},
 keywords = {Galaxies: Clusters: Individual: Name: Coma, Cosmology: Gravitational Lensing},
     year = 2007,
    month = dec,
   volume = 671,
    pages = {1466-1470},
      doi = {10.1086/523101},
   adsurl = {http://adsabs.harvard.edu/abs/2007ApJ...671.1466K},
  adsnote = {Provided by the SAO/NASA Astrophysics Data System}
}

@ARTICLE{LE11.1,
   author = {{Lerchster}, M. and {Seitz}, S. and {Brimioulle}, F. and {Fassbender}, R. and 
	{Rovilos}, M. and {B{\"o}hringer}, H. and {Pierini}, D. and 
	{Kilbinger}, M. and {Finoguenov}, A. and {Quintana}, H. and 
	{Bender}, R.},
    title = "{The massive galaxy cluster XMMU J1230.3+1339 at z {\tilde} 1: colour-magnitude relation, Butcher-Oemler effect, X-ray and weak lensing mass estimates}",
  journal = {\mnras},
archivePrefix = "arXiv",
   eprint = {1009.3930},
 primaryClass = "astro-ph.CO",
 keywords = {gravitational lensing, galaxies: clusters: individual: XMMU J1230.3+1339, galaxies: fundamental parameters, X-rays: galaxies: clusters},
     year = 2011,
    month = mar,
   volume = 411,
    pages = {2667-2694},
      doi = {10.1111/j.1365-2966.2010.17874.x},
   adsurl = {http://adsabs.harvard.edu/abs/2011MNRAS.411.2667L},
  adsnote = {Provided by the SAO/NASA Astrophysics Data System}
}

@ARTICLE{OK14.1,
   author = {{Okabe}, N. and {Futamase}, T. and {Kajisawa}, M. and {Kuroshima}, R.
	},
    title = "{Subaru Weak-lensing Survey of Dark Matter Subhalos in the Coma Cluster: Subhalo Mass Function and Statistical Properties}",
  journal = {\apj},
archivePrefix = "arXiv",
   eprint = {1304.2399},
 primaryClass = "astro-ph.CO",
 keywords = {galaxies: clusters: individual: Coma Cluster (A1656), gravitational lensing: weak, X-rays: galaxies: clusters},
     year = 2014,
    month = apr,
   volume = 784,
      eid = {90},
    pages = {90},
      doi = {10.1088/0004-637X/784/2/90},
   adsurl = {http://adsabs.harvard.edu/abs/2014ApJ...784...90O},
  adsnote = {Provided by the SAO/NASA Astrophysics Data System}
}

@ARTICLE{OG13.1,
   author = {{Oguri}, M. and {Schrabback}, T. and {Jullo}, E. and {Ota}, N. and 
	{Kochanek}, C.~S. and {Dai}, X. and {Ofek}, E.~O. and {Richards}, G.~T. and 
	{Blandford}, R.~D. and {Falco}, E.~E. and {Fohlmeister}, J.},
    title = "{The Hidden Fortress: structure and substructure of the complex strong lensing cluster SDSS J1029+2623}",
  journal = {\mnras},
archivePrefix = "arXiv",
   eprint = {1209.0458},
 primaryClass = "astro-ph.CO",
 keywords = {gravitational lensing: strong, gravitational lensing: weak, galaxies: clusters: individual: SDSS J1029+2623, quasars: individual: SDSS J1029+2623, dark matter, X-rays: galaxies: clusters},
     year = 2013,
    month = feb,
   volume = 429,
    pages = {482-493},
      doi = {10.1093/mnras/sts351},
   adsurl = {http://adsabs.harvard.edu/abs/2013MNRAS.429..482O},
  adsnote = {Provided by the SAO/NASA Astrophysics Data System}
}

@ARTICLE{SC10.1,
   author = {{Schirmer}, M. and {Suyu}, S. and {Schrabback}, T. and {Hildebrandt}, H. and 
	{Erben}, T. and {Halkola}, A.},
    title = "{J0454-0309: evidence of a strong lensing fossil group falling into a poor galaxy cluster}",
  journal = {\aap},
archivePrefix = "arXiv",
   eprint = {1002.1080},
 primaryClass = "astro-ph.CO",
 keywords = {galaxies: evolution, galaxies: clusters: individual: J0454-0309, galaxies: formation},
     year = 2010,
    month = may,
   volume = 514,
      eid = {A60},
    pages = {A60},
      doi = {10.1051/0004-6361/200913810},
   adsurl = {http://adsabs.harvard.edu/abs/2010A%26A...514A..60S},
  adsnote = {Provided by the SAO/NASA Astrophysics Data System}
}

@ARTICLE{PA07.1,
   author = {{Paulin-Henriksson}, S. and {Antonuccio-Delogu}, V. and {Haines}, C.~P. and 
	{Radovich}, M. and {Mercurio}, A. and {Becciani}, U.},
    title = "{Weak lensing mass reconstruction of the galaxy cluster Abell 209}",
  journal = {\aap},
   eprint = {astro-ph/0701799},
 keywords = {gravitational lensing, galaxies: clusters:, individual: Abell 209},
     year = 2007,
    month = may,
   volume = 467,
    pages = {427-436},
      doi = {10.1051/0004-6361:20066994},
   adsurl = {http://adsabs.harvard.edu/abs/2007A%26A...467..427P},
  adsnote = {Provided by the SAO/NASA Astrophysics Data System}
}

@ARTICLE{WO10.1,
   author = {{Wojtak}, R. and {{\L}okas}, E.~L.},
    title = "{Mass profiles and galaxy orbits in nearby galaxy clusters from the analysis of the projected phase space}",
  journal = {\mnras},
archivePrefix = "arXiv",
   eprint = {1004.3771},
 primaryClass = "astro-ph.CO",
 keywords = {galaxies: clusters: general, galaxies: kinematics and dynamics, dark matter},
     year = 2010,
    month = nov,
   volume = 408,
    pages = {2442-2456},
      doi = {10.1111/j.1365-2966.2010.17297.x},
   adsurl = {http://adsabs.harvard.edu/abs/2010MNRAS.408.2442W},
  adsnote = {Provided by the SAO/NASA Astrophysics Data System}
}

@ARTICLE{ZI11.1,
   author = {{Zitrin}, A. and {Broadhurst}, T. and {Coe}, D. and {Umetsu}, K. and 
	{Postman}, M. and {Ben{\'{\i}}tez}, N. and {Meneghetti}, M. and 
	{Medezinski}, E. and {Jouvel}, S. and {Bradley}, L. and {Koekemoer}, A. and 
	{Zheng}, W. and {Ford}, H. and {Merten}, J. and {Kelson}, D. and 
	{Lahav}, O. and {Lemze}, D. and {Molino}, A. and {Nonino}, M. and 
	{Donahue}, M. and {Rosati}, P. and {Van der Wel}, A. and {Bartelmann}, M. and 
	{Bouwens}, R. and {Graur}, O. and {Graves}, G. and {Host}, O. and 
	{Infante}, L. and {Jha}, S. and {Jimenez-Teja}, Y. and {Lazkoz}, R. and 
	{Maoz}, D. and {McCully}, C. and {Melchior}, P. and {Moustakas}, L.~A. and 
	{Ogaz}, S. and {Patel}, B. and {Regoes}, E. and {Riess}, A. and 
	{Rodney}, S. and {Seitz}, S.},
    title = "{The Cluster Lensing and Supernova Survey with Hubble (CLASH): Strong-lensing Analysis of A383 from 16-band HST/WFC3/ACS Imaging}",
  journal = {\apj},
archivePrefix = "arXiv",
   eprint = {1103.5618},
 primaryClass = "astro-ph.CO",
 keywords = {dark matter, galaxies: clusters: general, galaxies: clusters: individual: A383, galaxies: high-redshift, gravitational lensing: strong},
     year = 2011,
    month = dec,
   volume = 742,
      eid = {117},
    pages = {117},
      doi = {10.1088/0004-637X/742/2/117},
   adsurl = {http://adsabs.harvard.edu/abs/2011ApJ...742..117Z},
  adsnote = {Provided by the SAO/NASA Astrophysics Data System}
}

@ARTICLE{BI13.1,
   author = {{Biviano}, A. and {Rosati}, P. and {Balestra}, I. and {Mercurio}, A. and 
	{Girardi}, M. and {Nonino}, M. and {Grillo}, C. and {Scodeggio}, M. and 
	{Lemze}, D. and {Kelson}, D. and {Umetsu}, K. and {Postman}, M. and 
	{Zitrin}, A. and {Czoske}, O. and {Ettori}, S. and {Fritz}, A. and 
	{Lombardi}, M. and {Maier}, C. and {Medezinski}, E. and {Mei}, S. and 
	{Presotto}, V. and {Strazzullo}, V. and {Tozzi}, P. and {Ziegler}, B. and 
	{Annunziatella}, M. and {Bartelmann}, M. and {Benitez}, N. and 
	{Bradley}, L. and {Brescia}, M. and {Broadhurst}, T. and {Coe}, D. and 
	{Demarco}, R. and {Donahue}, M. and {Ford}, H. and {Gobat}, R. and 
	{Graves}, G. and {Koekemoer}, A. and {Kuchner}, U. and {Melchior}, P. and 
	{Meneghetti}, M. and {Merten}, J. and {Moustakas}, L. and {Munari}, E. and 
	{Reg{\H o}s}, E. and {Sartoris}, B. and {Seitz}, S. and {Zheng}, W.
	},
    title = "{CLASH-VLT: The mass, velocity-anisotropy, and pseudo-phase-space density profiles of the z = 0.44 galaxy cluster MACS J1206.2-0847}",
  journal = {\aap},
archivePrefix = "arXiv",
   eprint = {1307.5867},
 primaryClass = "astro-ph.CO",
 keywords = {galaxies: clusters: individual: MACS J1206-0847, galaxies: kinematics and dynamics, galaxies: evolution, dark matter},
     year = 2013,
    month = oct,
   volume = 558,
      eid = {A1},
    pages = {A1},
      doi = {10.1051/0004-6361/201321955},
   adsurl = {http://adsabs.harvard.edu/abs/2013A%26A...558A...1B},
  adsnote = {Provided by the SAO/NASA Astrophysics Data System}
}

@ARTICLE{DE10.1,
   author = {{D{\'e}mocl{\`e}s}, J. and {Pratt}, G.~W. and {Pierini}, D. and 
	{Arnaud}, M. and {Zibetti}, S. and {D'Onghia}, E.},
    title = "{Testing adiabatic contraction of dark matter in fossil group candidates}",
  journal = {\aap},
archivePrefix = "arXiv",
   eprint = {1005.0320},
 primaryClass = "astro-ph.CO",
 keywords = {X-rays: galaxies: clusters, galaxies: clusters: intracluster medium, galaxies: groups: general, dark matter},
     year = 2010,
    month = jul,
   volume = 517,
      eid = {A52},
    pages = {A52},
      doi = {10.1051/0004-6361/201014328},
   adsurl = {http://adsabs.harvard.edu/abs/2010A%26A...517A..52D},
  adsnote = {Provided by the SAO/NASA Astrophysics Data System}
}

@ARTICLE{ZI10.1,
   author = {{Zitrin}, A. and {Broadhurst}, T. and {Umetsu}, K. and {Rephaeli}, Y. and 
	{Medezinski}, E. and {Bradley}, L. and {Jim{\'e}nez-Teja}, Y. and 
	{Ben{\'{\i}}tez}, N. and {Ford}, H. and {Liesenborgs}, J. and 
	{de Rijcke}, S. and {Dejonghe}, H. and {Bekaert}, P.},
    title = "{Full lensing analysis of Abell 1703: comparison of independent lens-modelling techniques}",
  journal = {\mnras},
archivePrefix = "arXiv",
   eprint = {1004.4660},
 primaryClass = "astro-ph.CO",
 keywords = {gravitational lensing: strong, galaxies: clusters: general, galaxies: clusters: individual: Abell 1703, galaxies: elliptical and lenticular, cD, galaxies: formation, dark matter},
     year = 2010,
    month = nov,
   volume = 408,
    pages = {1916-1927},
      doi = {10.1111/j.1365-2966.2010.17258.x},
   adsurl = {http://adsabs.harvard.edu/abs/2010MNRAS.408.1916Z},
  adsnote = {Provided by the SAO/NASA Astrophysics Data System}
}

@ARTICLE{UM15.1,
   author = {{Umetsu}, K. and {Sereno}, M. and {Medezinski}, E. and {Nonino}, M. and 
	{Mroczkowski}, T. and {Diego}, J.~M. and {Ettori}, S. and {Okabe}, N. and 
	{Broadhurst}, T. and {Lemze}, D.},
    title = "{Three-dimensional Multi-probe Analysis of A1689}",
  journal = {ArXiv e-prints},
archivePrefix = "arXiv",
   eprint = {1503.01482},
 keywords = {Astrophysics - Cosmology and Nongalactic Astrophysics},
     year = 2015,
    month = mar,
   adsurl = {http://adsabs.harvard.edu/abs/2015arXiv150301482U},
  adsnote = {Provided by the SAO/NASA Astrophysics Data System}
}

@ARTICLE{GR13.1,
   author = {{Gruen}, D. and {Brimioulle}, F. and {Seitz}, S. and {Lee}, C.-H. and 
	{Young}, J. and {Koppenhoefer}, J. and {Eichner}, T. and {Riffeser}, A. and 
	{Vikram}, V. and {Weidinger}, T. and {Zenteno}, A.},
    title = "{Weak lensing analysis of RXC J2248.7-4431}",
  journal = {\mnras},
archivePrefix = "arXiv",
   eprint = {1304.0764},
 keywords = {gravitational lensing: strong, gravitational lensing: weak, galaxies: clusters: individual: RXC J2248.7-4431, dark matter},
     year = 2013,
    month = jun,
   volume = 432,
    pages = {1455-1467},
      doi = {10.1093/mnras/stt566},
   adsurl = {http://adsabs.harvard.edu/abs/2013MNRAS.432.1455G},
  adsnote = {Provided by the SAO/NASA Astrophysics Data System}
}

@ARTICLE{ZI09.1,
   author = {{Zitrin}, A. and {Broadhurst}, T. and {Umetsu}, K. and {Coe}, D. and 
	{Ben{\'{\i}}tez}, N. and {Ascaso}, B. and {Bradley}, L. and 
	{Ford}, H. and {Jee}, J. and {Medezinski}, E. and {Rephaeli}, Y. and 
	{Zheng}, W.},
    title = "{New multiply-lensed galaxies identified in ACS/NIC3 observations of Cl0024+1654 using an improved mass model}",
  journal = {\mnras},
archivePrefix = "arXiv",
   eprint = {0902.3971},
 primaryClass = "astro-ph.CO",
 keywords = {gravitational lensing , galaxies: clusters: individual: Cl0024+1654 , dark matter},
     year = 2009,
    month = jul,
   volume = 396,
    pages = {1985-2002},
      doi = {10.1111/j.1365-2966.2009.14899.x},
   adsurl = {http://adsabs.harvard.edu/abs/2009MNRAS.396.1985Z},
  adsnote = {Provided by the SAO/NASA Astrophysics Data System}
}

@ARTICLE{AB11.1,
   author = {{Abdullah}, M.~H. and {Ali}, G.~B. and {Ismail}, H.~A. and {Rassem}, M.~A.
	},
    title = "{Studying the dynamical properties of 20 nearby galaxy clusters}",
  journal = {\mnras},
archivePrefix = "arXiv",
   eprint = {1408.3486},
 keywords = {galaxies: clusters: general},
     year = 2011,
    month = sep,
   volume = 416,
    pages = {2027-2040},
      doi = {10.1111/j.1365-2966.2011.19178.x},
   adsurl = {http://adsabs.harvard.edu/abs/2011MNRAS.416.2027A},
  adsnote = {Provided by the SAO/NASA Astrophysics Data System}
}


% All other references

@ARTICLE{HK03.1,
   author = {{Hu}, W. and {Kravtsov}, A.~V.},
    title = "{Sample Variance Considerations for Cluster Surveys}",
  journal = {\apj},
   eprint = {astro-ph/0203169},
 keywords = {Cosmology: Cosmological Parameters, Cosmology: Theory, Galaxies: Clusters: General, Cosmology: Large-Scale Structure of Universe},
     year = 2003,
    month = feb,
   volume = 584,
    pages = {702-715},
      doi = {10.1086/345846},
   adsurl = {http://adsabs.harvard.edu/abs/2003ApJ...584..702H},
  adsnote = {Provided by the SAO/NASA Astrophysics Data System}
}

@ARTICLE{BR98.1,
   author = {{Bryan}, G.~L. and {Norman}, M.~L.},
    title = "{Statistical Properties of X-Ray Clusters: Analytic and Numerical Comparisons}",
  journal = {\apj},
   eprint = {astro-ph/9710107},
 keywords = {GALAXIES: CLUSTERS: GENERAL, METHODS: NUMERICAL, X-RAYS: GALAXIES, Galaxies: Clusters: General, Methods: Numerical, X-Rays: Galaxies},
     year = 1998,
    month = mar,
   volume = 495,
    pages = {80-99},
      doi = {10.1086/305262},
   adsurl = {http://adsabs.harvard.edu/abs/1998ApJ...495...80B},
  adsnote = {Provided by the SAO/NASA Astrophysics Data System}
}

@ARTICLE{SE10.1,
   author = {{Sereno}, M. and {Lubini}, M. and {Jetzer}, P.},
    title = "{A multiwavelength strong lensing analysis of baryons and dark matter in the dynamically active cluster AC 114}",
  journal = {\aap},
archivePrefix = "arXiv",
   eprint = {0904.0018},
 primaryClass = "astro-ph.CO",
 keywords = {galaxies: clusters: general, X-rays: galaxies: clusters, gravitational lensing: strong},
     year = 2010,
    month = jul,
   volume = 518,
      eid = {A55},
    pages = {A55},
      doi = {10.1051/0004-6361/200913843},
   adsurl = {http://adsabs.harvard.edu/abs/2010A%26A...518A..55S},
  adsnote = {Provided by the SAO/NASA Astrophysics Data System}
}

@ARTICLE{BU01.1,
   author = {{Bullock}, J.~S. and {Kolatt}, T.~S. and {Sigad}, Y. and {Somerville}, R.~S. and 
	{Kravtsov}, A.~V. and {Klypin}, A.~A. and {Primack}, J.~R. and 
	{Dekel}, A.},
    title = "{Profiles of dark haloes: evolution, scatter and environment}",
  journal = {\mnras},
   eprint = {astro-ph/9908159},
 keywords = {GALAXIES: FORMATION, GALAXIES: STRUCTURE, COSMOLOGY: THEORY, DARK MATTER, galaxies: formation, galaxies: structure, cosmology: theory, dark matter},
     year = 2001,
    month = mar,
   volume = 321,
    pages = {559-575},
      doi = {10.1046/j.1365-8711.2001.04068.x},
   adsurl = {http://adsabs.harvard.edu/abs/2001MNRAS.321..559B},
  adsnote = {Provided by the SAO/NASA Astrophysics Data System}
}

@ARTICLE{NA97.1,
   author = {{Navarro}, J.~F. and {Frenk}, C.~S. and {White}, S.~D.~M.},
    title = "{A Universal Density Profile from Hierarchical Clustering}",
  journal = {\apj},
   eprint = {astro-ph/9611107},
 keywords = {Cosmology: Theory, Cosmology: Dark Matter, Galaxies: Halos, Methods: Numerical},
     year = 1997,
    month = dec,
   volume = 490,
    pages = {493-508},
   adsurl = {http://adsabs.harvard.edu/abs/1997ApJ...490..493N},
  adsnote = {Provided by the SAO/NASA Astrophysics Data System}
}

@ARTICLE{CO15.1,
   author = {{Correa}, C.~A. and {Wyithe}, J.~S.~B. and {Schaye}, J. and 
	{Duffy}, A.~R.},
    title = "{The accretion history of dark matter halos II: The connections with the mass power spectrum and the density profile}",
  journal = {ArXiv e-prints},
archivePrefix = "arXiv",
   eprint = {1501.04382},
 keywords = {Astrophysics - Cosmology and Nongalactic Astrophysics},
     year = 2015,
    month = jan,
   adsurl = {http://adsabs.harvard.edu/abs/2015arXiv150104382C},
  adsnote = {Provided by the SAO/NASA Astrophysics Data System}
}

@ARTICLE{FR88.1,
   author = {{Frenk}, C.~S. and {White}, S.~D.~M. and {Davis}, M. and {Efstathiou}, G.
	},
    title = "{The formation of dark halos in a universe dominated by cold dark matter}",
  journal = {\apj},
 keywords = {COSMOLOGY, DARK MATTER, GALACTIC EVOLUTION, GALACTIC STRUCTURE, SPIRAL GALAXIES, STELLAR LUMINOSITY, ASTRONOMICAL MODELS, COMPUTATIONAL ASTROPHYSICS, GALACTIC CLUSTERS, MORPHOLOGY, UNIVERSE},
     year = 1988,
    month = apr,
   volume = 327,
    pages = {507-525},
      doi = {10.1086/166213},
   adsurl = {http://adsabs.harvard.edu/abs/1988ApJ...327..507F},
  adsnote = {Provided by the SAO/NASA Astrophysics Data System}
}

@ARTICLE{CO96.1,
   author = {{Cole}, S. and {Lacey}, C.},
    title = "{The structure of dark matter haloes in hierarchical clustering models}",
  journal = {\mnras},
   eprint = {astro-ph/9510147},
 keywords = {cosmology: theory - dark matter},
     year = 1996,
    month = jul,
   volume = 281,
    pages = {716},
   adsurl = {http://adsabs.harvard.edu/abs/1996MNRAS.281..716C},
  adsnote = {Provided by the SAO/NASA Astrophysics Data System}
}

@ARTICLE{DU91.1,
   author = {{Dubinski}, J. and {Carlberg}, R.~G.},
    title = "{The structure of cold dark matter halos}",
  journal = {\apj},
 keywords = {COMPUTATIONAL ASTROPHYSICS, DARK MATTER, GALACTIC STRUCTURE, GRAVITATIONAL COLLAPSE, HALOS, MANY BODY PROBLEM, COMPUTERIZED SIMULATION, PARTICLE DENSITY (CONCENTRATION), TIDES},
     year = 1991,
    month = sep,
   volume = 378,
    pages = {496-503},
      doi = {10.1086/170451},
   adsurl = {http://adsabs.harvard.edu/abs/1991ApJ...378..496D},
  adsnote = {Provided by the SAO/NASA Astrophysics Data System}
}

@ARTICLE{WA92.1,
   author = {{Warren}, M.~S. and {Quinn}, P.~J. and {Salmon}, J.~K. and {Zurek}, W.~H.
	},
    title = "{Dark halos formed via dissipationless collapse. I - Shapes and alignment of angular momentum}",
  journal = {\apj},
 keywords = {ANGULAR MOMENTUM, DARK MATTER, GRAVITATIONAL COLLAPSE, MANY BODY PROBLEM, COMPUTATIONAL ASTROPHYSICS, HALOS},
     year = 1992,
    month = nov,
   volume = 399,
    pages = {405-425},
      doi = {10.1086/171937},
   adsurl = {http://adsabs.harvard.edu/abs/1992ApJ...399..405W},
  adsnote = {Provided by the SAO/NASA Astrophysics Data System}
}

@ARTICLE{JI02.1,
   author = {{Jing}, Y.~P. and {Suto}, Y.},
    title = "{Triaxial Modeling of Halo Density Profiles with High-Resolution N-Body Simulations}",
  journal = {\apj},
   eprint = {arXiv:astro-ph/0202064},
 keywords = {Cosmology: Theory, Cosmology: Dark Matter, Galaxies: Clusters: General, Galaxies: Halos, Methods: Numerical},
     year = 2002,
    month = aug,
   volume = 574,
    pages = {538-553},
      doi = {10.1086/341065},
   adsurl = {http://adsabs.harvard.edu/abs/2002ApJ...574..538J},
  adsnote = {Provided by the SAO/NASA Astrophysics Data System}
}

@ARTICLE{HA07.1,
   author = {{Hayashi}, E. and {Navarro}, J.~F. and {Springel}, V.},
    title = "{The shape of the gravitational potential in cold dark matter haloes}",
  journal = {\mnras},
   eprint = {arXiv:astro-ph/0612327},
 keywords = {galaxies: formation, galaxies: kinematics and dynamics, galaxies: spiral, cosmology: theory, dark matter},
     year = 2007,
    month = may,
   volume = 377,
    pages = {50-62},
      doi = {10.1111/j.1365-2966.2007.11599.x},
   adsurl = {http://adsabs.harvard.edu/abs/2007MNRAS.377...50H},
  adsnote = {Provided by the SAO/NASA Astrophysics Data System}
}

@ARTICLE{GR14.1,
   author = {{Groener}, A.~M. and {Goldberg}, D.~M.},
    title = "{Shape Profiles and Orientation Bias for Weak and Strong Lensing Cluster Halos}",
  journal = {\apj},
archivePrefix = "arXiv",
   eprint = {1405.2035},
 keywords = {dark matter, galaxies: clusters: general, gravitational lensing: strong, gravitational lensing: weak},
     year = 2014,
    month = nov,
   volume = 795,
      eid = {153},
    pages = {153},
      doi = {10.1088/0004-637X/795/2/153},
   adsurl = {http://adsabs.harvard.edu/abs/2014ApJ...795..153G},
  adsnote = {Provided by the SAO/NASA Astrophysics Data System}
}

@ARTICLE{KA87.1,
   author = {{Kaiser}, N.},
    title = "{Clustering in real space and in redshift space}",
  journal = {\mnras},
 keywords = {Astronomical Models, Deep Space, Galactic Clusters, Red Shift, Density Distribution, Power Spectra, Velocity Distribution},
     year = 1987,
    month = jul,
   volume = 227,
    pages = {1-21},
   adsurl = {http://adsabs.harvard.edu/abs/1987MNRAS.227....1K},
  adsnote = {Provided by the SAO/NASA Astrophysics Data System}
}

@ARTICLE{RE89.1,
   author = {{Regos}, E. and {Geller}, M.~J.},
    title = "{Infall patterns around rich clusters of galaxies}",
  journal = {\aj},
 keywords = {Cosmology, Density Distribution, Galactic Clusters, Mass Distribution, Radial Velocity, Astronomical Models, Caustics (Optics), Computational Astrophysics, Red Shift, Statistical Analysis},
     year = 1989,
    month = sep,
   volume = 98,
    pages = {755-765},
      doi = {10.1086/115177},
   adsurl = {http://adsabs.harvard.edu/abs/1989AJ.....98..755R},
  adsnote = {Provided by the SAO/NASA Astrophysics Data System}
}

@ARTICLE{DI97.1,
   author = {{Diaferio}, A. and {Geller}, M.~J.},
    title = "{Infall Regions of Galaxy Clusters}",
  journal = {\apj},
   eprint = {astro-ph/9701034},
 keywords = {Cosmology: Dark Matter, Galaxies: Clusters: General, Methods: Numerical},
     year = 1997,
    month = may,
   volume = 481,
    pages = {633-643},
   adsurl = {http://adsabs.harvard.edu/abs/1997ApJ...481..633D},
  adsnote = {Provided by the SAO/NASA Astrophysics Data System}
}

@ARTICLE{DI99.1,
   author = {{Diaferio}, A.},
    title = "{Mass estimation in the outer regions of galaxy clusters}",
  journal = {\mnras},
   eprint = {astro-ph/9906331},
     year = 1999,
    month = nov,
   volume = 309,
    pages = {610-622},
      doi = {10.1046/j.1365-8711.1999.02864.x},
   adsurl = {http://adsabs.harvard.edu/abs/1999MNRAS.309..610D},
  adsnote = {Provided by the SAO/NASA Astrophysics Data System}
}

@ARTICLE{LO02.1,
   author = {{{\L}okas}, E.~L.},
    title = "{Dark matter distribution in dwarf spheroidal galaxies}",
  journal = {\mnras},
   eprint = {astro-ph/0112023},
 keywords = {methods: analytical, galaxies: dwarf, galaxies: fundamental parameters, galaxies: kinematics and dynamics, dark matter, methods: analytical, galaxies: dwarf, galaxies: fundamental parameters, galaxies: kinematics and dynamics, dark matter},
     year = 2002,
    month = jul,
   volume = 333,
    pages = {697-708},
      doi = {10.1046/j.1365-8711.2002.05457.x},
   adsurl = {http://adsabs.harvard.edu/abs/2002MNRAS.333..697L},
  adsnote = {Provided by the SAO/NASA Astrophysics Data System}
}

@ARTICLE{OL14.1,
   author = {{Old}, L. and {Skibba}, R.~A. and {Pearce}, F.~R. and {Croton}, D. and 
	{Muldrew}, S.~I. and {Mu{\~n}oz-Cuartas}, J.~C. and {Gifford}, D. and 
	{Gray}, M.~E. and {der Linden}, A.~v. and {Mamon}, G.~A. and 
	{Merrifield}, M.~R. and {M{\"u}ller}, V. and {Pearson}, R.~J. and 
	{Ponman}, T.~J. and {Saro}, A. and {Sepp}, T. and {Sif{\'o}n}, C. and 
	{Tempel}, E. and {Tundo}, E. and {Wang}, Y.~O. and {Wojtak}, R.
	},
    title = "{Galaxy cluster mass reconstruction project - I. Methods and first results on galaxy-based techniques}",
  journal = {\mnras},
archivePrefix = "arXiv",
   eprint = {1403.4610},
 primaryClass = "astro-ph.CO",
 keywords = {methods: numerical, methods: statistical, galaxies: clusters: general, galaxies: haloes, galaxies: kinematics and dynamics, cosmology: observations},
     year = 2014,
    month = jun,
   volume = 441,
    pages = {1513-1536},
      doi = {10.1093/mnras/stu545},
   adsurl = {http://adsabs.harvard.edu/abs/2014MNRAS.441.1513O},
  adsnote = {Provided by the SAO/NASA Astrophysics Data System}
}

@ARTICLE{BA96.1,
   author = {{Bartelmann}, M.},
    title = "{Arcs from a universal dark-matter halo profile.}",
  journal = {\aap},
   eprint = {astro-ph/9602053},
 keywords = {COSMOLOGY: GRAVITATIONAL LENSING, COSMOLOGY: DARK MATTER},
     year = 1996,
    month = sep,
   volume = 313,
    pages = {697-702},
   adsurl = {http://adsabs.harvard.edu/abs/1996A%26A...313..697B},
  adsnote = {Provided by the SAO/NASA Astrophysics Data System}
}

@ARTICLE{WR99.1,
   author = {{Oaxaca Wright}, C. and {Brainerd}, T.~G.},
    title = "{Gravitational Lensing by NFW Halos}",
  journal = {ArXiv Astrophysics e-prints},
   eprint = {astro-ph/9908213},
 keywords = {Astrophysics},
     year = 1999,
    month = aug,
   adsurl = {http://adsabs.harvard.edu/abs/1999astro.ph..8213O},
  adsnote = {Provided by the SAO/NASA Astrophysics Data System}
}

@ARTICLE{HO07.1,
   author = {{Hoekstra}, H.},
    title = "{A comparison of weak-lensing masses and X-ray properties of galaxy clusters}",
  journal = {\mnras},
archivePrefix = "arXiv",
   eprint = {0705.0358},
 keywords = {gravitational lensing, galaxies: clusters: general, cosmology: observations, dark matter},
     year = 2007,
    month = jul,
   volume = 379,
    pages = {317-330},
      doi = {10.1111/j.1365-2966.2007.11951.x},
   adsurl = {http://adsabs.harvard.edu/abs/2007MNRAS.379..317H},
  adsnote = {Provided by the SAO/NASA Astrophysics Data System}
}

@ARTICLE{BA12.1,
   author = {{Bah{\'e}}, Y.~M. and {McCarthy}, I.~G. and {King}, L.~J.},
    title = "{Mock weak lensing analysis of simulated galaxy clusters: bias and scatter in mass and concentration}",
  journal = {\mnras},
archivePrefix = "arXiv",
   eprint = {1106.2046},
 primaryClass = "astro-ph.CO",
 keywords = {gravitational lensing: weak, galaxies: clusters: general, galaxies: groups: general, cosmology: theory},
     year = 2012,
    month = apr,
   volume = 421,
    pages = {1073-1088},
      doi = {10.1111/j.1365-2966.2011.20364.x},
   adsurl = {http://adsabs.harvard.edu/abs/2012MNRAS.421.1073B},
  adsnote = {Provided by the SAO/NASA Astrophysics Data System}
}

@ARTICLE{AU13.1,
   author = {{Auger}, M.~W. and {Budzynski}, J.~M. and {Belokurov}, V. and 
	{Koposov}, S.~E. and {McCarthy}, I.},
    title = "{Are group- and cluster-scale dark matter halos over-concentrated?}",
  journal = {ArXiv e-prints},
archivePrefix = "arXiv",
   eprint = {1308.6286},
 primaryClass = "astro-ph.CO",
 keywords = {Astrophysics - Cosmology and Extragalactic Astrophysics},
     year = 2013,
    month = aug,
   adsurl = {http://adsabs.harvard.edu/abs/2013arXiv1308.6286A},
  adsnote = {Provided by the SAO/NASA Astrophysics Data System}
}

@ARTICLE{SE15.1,
   author = {{Sereno}, M. and {Fedeli}, C. and {Moscardini}, L.},
    title = "{Comparison of weak lensing by NFW and Einasto halos and systematic errors}",
  journal = {ArXiv e-prints},
archivePrefix = "arXiv",
   eprint = {1504.05183},
 keywords = {Astrophysics - Cosmology and Nongalactic Astrophysics},
     year = 2015,
    month = apr,
   adsurl = {http://adsabs.harvard.edu/abs/2015arXiv150405183S},
  adsnote = {Provided by the SAO/NASA Astrophysics Data System}
}
@ARTICLE{DA04.1,
   author = {{D'Agostini}, G.},
    title = "{Asymmetric Uncertainties: Sources, Treatment and Potential Dangers}",
  journal = {ArXiv Physics e-prints},
   eprint = {physics/0403086},
 keywords = {Physics - Data Analysis, Statistics and Probability, Astrophysics, High Energy Physics - Phenomenology},
     year = 2004,
    month = mar,
   adsurl = {http://adsabs.harvard.edu/abs/2004physics...3086D},
  adsnote = {Provided by the SAO/NASA Astrophysics Data System}
}

@ARTICLE{BA01.1,
   author = {{Bartelmann}, M. and {Schneider}, P.},
    title = "{Weak gravitational lensing}",
  journal = {\physrep},
   eprint = {astro-ph/9912508},
     year = 2001,
    month = jan,
   volume = 340,
    pages = {291-472},
      doi = {10.1016/S0370-1573(00)00082-X},
   adsurl = {http://adsabs.harvard.edu/abs/2001PhR...340..291B},
  adsnote = {Provided by the SAO/NASA Astrophysics Data System}
}

@ARTICLE{LE08.1,
   author = {{Lemze}, D. and {Barkana}, R. and {Broadhurst}, T.~J. and {Rephaeli}, Y.
	},
    title = "{Mass and gas profiles in A1689: joint X-ray and lensing analysis}",
  journal = {\mnras},
archivePrefix = "arXiv",
   eprint = {0711.3908},
 keywords = {galaxies: clusters: individual: A1689},
     year = 2008,
    month = may,
   volume = 386,
    pages = {1092-1106},
      doi = {10.1111/j.1365-2966.2008.13116.x},
   adsurl = {http://adsabs.harvard.edu/abs/2008MNRAS.386.1092L},
  adsnote = {Provided by the SAO/NASA Astrophysics Data System}
}

@ARTICLE{TH10.1,
   author = {{Thanjavur}, K. and {Crampton}, D. and {Willis}, J.},
    title = "{Dark Matter Distribution in Galaxy Groups from Combined Strong Lensing and Dynamics Analysis}",
  journal = {\apj},
archivePrefix = "arXiv",
   eprint = {1004.0699},
 primaryClass = "astro-ph.CO",
 keywords = {dark matter, galaxies: clusters: general, galaxies: groups: general, gravitational lensing: strong, large-scale structure of universe},
     year = 2010,
    month = may,
   volume = 714,
    pages = {1355-1370},
      doi = {10.1088/0004-637X/714/2/1355},
   adsurl = {http://adsabs.harvard.edu/abs/2010ApJ...714.1355T},
  adsnote = {Provided by the SAO/NASA Astrophysics Data System}
}

@ARTICLE{VE11.1,
   author = {{Verdugo}, T. and {Motta}, V. and {Mu{\~n}oz}, R.~P. and {Limousin}, M. and 
	{Cabanac}, R. and {Richard}, J.},
    title = "{Gravitational lensing and dynamics in SL2S J02140-0535: probing the mass out to large radius}",
  journal = {\aap},
archivePrefix = "arXiv",
   eprint = {1005.1566},
 primaryClass = "astro-ph.CO",
 keywords = {gravitational lensing: strong, galaxies: groups: general, galaxies: groups: individual:SL2S J02140-0535},
     year = 2011,
    month = mar,
   volume = 527,
      eid = {A124},
    pages = {A124},
      doi = {10.1051/0004-6361/201014965},
   adsurl = {http://adsabs.harvard.edu/abs/2011A%26A...527A.124V},
  adsnote = {Provided by the SAO/NASA Astrophysics Data System}
}

@ARTICLE{EV96.1,
   author = {{Evrard}, A.~E. and {Metzler}, C.~A. and {Navarro}, J.~F.},
    title = "{Mass Estimates of X-Ray Clusters}",
  journal = {\apj},
   eprint = {astro-ph/9510058},
 keywords = {COSMOLOGY: DARK MATTER, GALAXIES: CLUSTERS: GENERAL, HYDRODYNAMICS, X-RAYS: GALAXIES},
     year = 1996,
    month = oct,
   volume = 469,
    pages = {494},
      doi = {10.1086/177798},
   adsurl = {http://adsabs.harvard.edu/abs/1996ApJ...469..494E},
  adsnote = {Provided by the SAO/NASA Astrophysics Data System}
}

@ARTICLE{RA12.1,
   author = {{Rasia}, E. and {Meneghetti}, M. and {Martino}, R. and {Borgani}, S. and 
	{Bonafede}, A. and {Dolag}, K. and {Ettori}, S. and {Fabjan}, D. and 
	{Giocoli}, C. and {Mazzotta}, P. and {Merten}, J. and {Radovich}, M. and 
	{Tornatore}, L.},
    title = "{Lensing and x-ray mass estimates of clusters (simulations)}",
  journal = {New Journal of Physics},
archivePrefix = "arXiv",
   eprint = {1201.1569},
 primaryClass = "astro-ph.CO",
     year = 2012,
    month = may,
   volume = 14,
   number = 5,
      eid = {055018},
    pages = {055018},
      doi = {10.1088/1367-2630/14/5/055018},
   adsurl = {http://adsabs.harvard.edu/abs/2012NJPh...14e5018R},
  adsnote = {Provided by the SAO/NASA Astrophysics Data System}
}

@ARTICLE{ME10.1,
   author = {{Mead}, J.~M.~G. and {King}, L.~J. and {Sijacki}, D. and {Leonard}, A. and 
	{Puchwein}, E. and {McCarthy}, I.~G.},
    title = "{The impact of AGN feedback and baryonic cooling on galaxy clusters as gravitational lenses}",
  journal = {\mnras},
archivePrefix = "arXiv",
   eprint = {1001.2281},
 keywords = {gravitational lensing: strong, gravitational lensing: weak, galaxies: clusters: general, cosmology: observations, cosmology: theory},
     year = 2010,
    month = jul,
   volume = 406,
    pages = {434-444},
      doi = {10.1111/j.1365-2966.2010.16674.x},
   adsurl = {http://adsabs.harvard.edu/abs/2010MNRAS.406..434M},
  adsnote = {Provided by the SAO/NASA Astrophysics Data System}
}

@ARTICLE{MA08.1,
   author = {{Macci{\`o}}, A.~V. and {Dutton}, A.~A. and {van den Bosch}, F.~C.
	},
    title = "{Concentration, spin and shape of dark matter haloes as a function of the cosmological model: WMAP1, WMAP3 and WMAP5 results}",
  journal = {\mnras},
archivePrefix = "arXiv",
   eprint = {0805.1926},
 keywords = {gravitation , methods: N-body simulation , methods: numerical , galaxies: haloes , cosmology: theory , dark matter},
     year = 2008,
    month = dec,
   volume = 391,
    pages = {1940-1954},
      doi = {10.1111/j.1365-2966.2008.14029.x},
   adsurl = {http://adsabs.harvard.edu/abs/2008MNRAS.391.1940M},
  adsnote = {Provided by the SAO/NASA Astrophysics Data System}
}

@ARTICLE{BR08.1,
   author = {{Broadhurst}, T. and {Umetsu}, K. and {Medezinski}, E. and {Oguri}, M. and 
	{Rephaeli}, Y.},
    title = "{Comparison of Cluster Lensing Profiles with {$\Lambda$}CDM Predictions}",
  journal = {\apjl},
archivePrefix = "arXiv",
   eprint = {0805.2617},
 keywords = {Cosmology: Observations, Cosmology: Dark Matter, Galaxies: Clusters: Individual: Alphanumeric: A1689, galaxies: clusters: individual (A1703), Galaxies: Clusters: Individual: Alphanumeric: A370, galaxies: clusters: individual (RX J1347-11), Cosmology: Gravitational Lensing},
     year = 2008,
    month = sep,
   volume = 685,
    pages = {L9-L12},
      doi = {10.1086/592400},
   adsurl = {http://adsabs.harvard.edu/abs/2008ApJ...685L...9B},
  adsnote = {Provided by the SAO/NASA Astrophysics Data System}
}

@ARTICLE{WE02.1,
   author = {{Wechsler}, R.~H. and {Bullock}, J.~S. and {Primack}, J.~R. and 
	{Kravtsov}, A.~V. and {Dekel}, A.},
    title = "{Concentrations of Dark Halos from Their Assembly Histories}",
  journal = {\apj},
   eprint = {astro-ph/0108151},
 keywords = {Cosmology: Theory, Cosmology: Dark Matter, Galaxies: Evolution, Galaxies: Formation, Galaxies: Halos, Galaxies: Structure},
     year = 2002,
    month = mar,
   volume = 568,
    pages = {52-70},
      doi = {10.1086/338765},
   adsurl = {http://adsabs.harvard.edu/abs/2002ApJ...568...52W},
  adsnote = {Provided by the SAO/NASA Astrophysics Data System}
}

@ARTICLE{ZH03.1,
   author = {{Zhao}, D.~H. and {Jing}, Y.~P. and {Mo}, H.~J. and {B{\"o}rner}, G.
	},
    title = "{Mass and Redshift Dependence of Dark Halo Structure}",
  journal = {\apjl},
   eprint = {astro-ph/0309375},
 keywords = {Cosmology: Miscellaneous, Galaxies: Clusters: General, Methods: Numerical},
     year = 2003,
    month = nov,
   volume = 597,
    pages = {L9-L12},
      doi = {10.1086/379734},
   adsurl = {http://adsabs.harvard.edu/abs/2003ApJ...597L...9Z},
  adsnote = {Provided by the SAO/NASA Astrophysics Data System}
}

@ARTICLE{DA08.1,
   author = {{Dalal}, N. and {White}, M. and {Bond}, J.~R. and {Shirokov}, A.
	},
    title = "{Halo Assembly Bias in Hierarchical Structure Formation}",
  journal = {\apj},
archivePrefix = "arXiv",
   eprint = {0803.3453},
 keywords = {Cosmology: Theory, Cosmology: Dark Matter, Cosmology: Large-Scale Structure of Universe, Methods: Numerical},
     year = 2008,
    month = nov,
   volume = 687,
    pages = {12-21},
      doi = {10.1086/591512},
   adsurl = {http://adsabs.harvard.edu/abs/2008ApJ...687...12D},
  adsnote = {Provided by the SAO/NASA Astrophysics Data System}
}

@ARTICLE{DI15.1,
   author = {{Diemer}, B. and {Kravtsov}, A.~V.},
    title = "{A Universal Model for Halo Concentrations}",
  journal = {\apj},
archivePrefix = "arXiv",
   eprint = {1407.4730},
 keywords = {cosmology: theory, dark matter, methods: numerical},
     year = 2015,
    month = jan,
   volume = 799,
      eid = {108},
    pages = {108},
      doi = {10.1088/0004-637X/799/1/108},
   adsurl = {http://adsabs.harvard.edu/abs/2015ApJ...799..108D},
  adsnote = {Provided by the SAO/NASA Astrophysics Data System}
}

@ARTICLE{UM11.2,
   author = {{Umetsu}, K. and {Broadhurst}, T. and {Zitrin}, A. and {Medezinski}, E. and 
	{Coe}, D. and {Postman}, M.},
    title = "{A Precise Cluster Mass Profile Averaged from the Highest-quality Lensing Data}",
  journal = {\apj},
archivePrefix = "arXiv",
   eprint = {1105.0444},
 keywords = {cosmology: observations, dark matter, galaxies: clusters: general, gravitational lensing: strong, gravitational lensing: weak},
     year = 2011,
    month = sep,
   volume = 738,
      eid = {41},
    pages = {41},
      doi = {10.1088/0004-637X/738/1/41},
   adsurl = {http://adsabs.harvard.edu/abs/2011ApJ...738...41U},
  adsnote = {Provided by the SAO/NASA Astrophysics Data System}
}

@ARTICLE{OG05.1,
   author = {{Oguri}, M. and {Takada}, M. and {Umetsu}, K. and {Broadhurst}, T.
	},
    title = "{Can the Steep Mass Profile of A1689 Be Explained by a Triaxial Dark Halo?}",
  journal = {\apj},
   eprint = {astro-ph/0505452},
 keywords = {Cosmology: Dark Matter, Galaxies: Clusters: Individual: Alphanumeric: A1689, Cosmology: Gravitational Lensing},
     year = 2005,
    month = oct,
   volume = 632,
    pages = {841-846},
      doi = {10.1086/452629},
   adsurl = {http://adsabs.harvard.edu/abs/2005ApJ...632..841O},
  adsnote = {Provided by the SAO/NASA Astrophysics Data System}
}

@ARTICLE{SE11.1,
   author = {{Sereno}, M. and {Umetsu}, K.},
    title = "{Weak- and strong-lensing analyses of the triaxial matter distribution of Abell 1689}",
  journal = {\mnras},
archivePrefix = "arXiv",
   eprint = {1105.4994},
 keywords = {gravitational lensing: strong, gravitational lensing: weak, methods: statistical, galaxies: clusters: general, galaxies: clusters: individual: Abell 1689, cosmology: observations},
     year = 2011,
    month = oct,
   volume = 416,
    pages = {3187-3200},
      doi = {10.1111/j.1365-2966.2011.19274.x},
   adsurl = {http://adsabs.harvard.edu/abs/2011MNRAS.416.3187S},
  adsnote = {Provided by the SAO/NASA Astrophysics Data System}
}

@ARTICLE{HE07.1,
   author = {{Hennawi}, J.~F. and {Dalal}, N. and {Bode}, P. and {Ostriker}, J.~P.
	},
    title = "{Characterizing the Cluster Lens Population}",
  journal = {\apj},
   eprint = {astro-ph/0506171},
 keywords = {Cosmology: Theory, Cosmology: Dark Matter, Galaxies: Clusters: General, Cosmology: Gravitational Lensing, Cosmology: Large-Scale Structure of Universe, Methods: Numerical},
     year = 2007,
    month = jan,
   volume = 654,
    pages = {714-730},
      doi = {10.1086/497362},
   adsurl = {http://adsabs.harvard.edu/abs/2007ApJ...654..714H},
  adsnote = {Provided by the SAO/NASA Astrophysics Data System}
}

@ARTICLE{ME10.2,
   author = {{Meneghetti}, M. and {Rasia}, E. and {Merten}, J. and {Bellagamba}, F. and 
	{Ettori}, S. and {Mazzotta}, P. and {Dolag}, K. and {Marri}, S.
	},
    title = "{Weighing simulated galaxy clusters using lensing and X-ray}",
  journal = {\aap},
archivePrefix = "arXiv",
   eprint = {0912.1343},
 keywords = {galaxies: clusters: general, X-ray: galaxies: clusters, gravitational lensing: strong, gravitational lensing: weak},
     year = 2010,
    month = may,
   volume = 514,
      eid = {A93},
    pages = {A93},
      doi = {10.1051/0004-6361/200913222},
   adsurl = {http://adsabs.harvard.edu/abs/2010A%26A...514A..93M},
  adsnote = {Provided by the SAO/NASA Astrophysics Data System}
}

@ARTICLE{GI12.1,
   author = {{Giocoli}, C. and {Meneghetti}, M. and {Ettori}, S. and {Moscardini}, L.
	},
    title = "{Cosmology in two dimensions: the concentration-mass relation for galaxy clusters}",
  journal = {\mnras},
archivePrefix = "arXiv",
   eprint = {1205.2375},
 primaryClass = "astro-ph.CO",
 keywords = {gravitational lensing: strong, methods: analytical, galaxies: haloes, cosmology: theory, dark matter},
     year = 2012,
    month = oct,
   volume = 426,
    pages = {1558-1573},
      doi = {10.1111/j.1365-2966.2012.21743.x},
   adsurl = {http://adsabs.harvard.edu/abs/2012MNRAS.426.1558G},
  adsnote = {Provided by the SAO/NASA Astrophysics Data System}
}

@ARTICLE{MO99.2,
   author = {{Moore}, B. and {Quinn}, T. and {Governato}, F. and {Stadel}, J. and 
	{Lake}, G.},
    title = "{Cold collapse and the core catastrophe}",
  journal = {\mnras},
   eprint = {astro-ph/9903164},
 keywords = {GALAXIES: FORMATION, GALAXIES: HALOES, GALAXIES: KINEMATICS AND DYNAMICS, DARK MATTER},
     year = 1999,
    month = dec,
   volume = 310,
    pages = {1147-1152},
      doi = {10.1046/j.1365-8711.1999.03039.x},
   adsurl = {http://adsabs.harvard.edu/abs/1999MNRAS.310.1147M},
  adsnote = {Provided by the SAO/NASA Astrophysics Data System}
}

@ARTICLE{NA04.1,
   author = {{Navarro}, J.~F. and {Hayashi}, E. and {Power}, C. and {Jenkins}, A.~R. and 
	{Frenk}, C.~S. and {White}, S.~D.~M. and {Springel}, V. and 
	{Stadel}, J. and {Quinn}, T.~R.},
    title = "{The inner structure of {$\Lambda$}CDM haloes - III. Universality and asymptotic slopes}",
  journal = {\mnras},
   eprint = {astro-ph/0311231},
 keywords = {gravitation, cosmology: theory, dark matter},
     year = 2004,
    month = apr,
   volume = 349,
    pages = {1039-1051},
      doi = {10.1111/j.1365-2966.2004.07586.x},
   adsurl = {http://adsabs.harvard.edu/abs/2004MNRAS.349.1039N},
  adsnote = {Provided by the SAO/NASA Astrophysics Data System}
}

@ARTICLE{GH00.1,
   author = {{Ghigna}, S. and {Moore}, B. and {Governato}, F. and {Lake}, G. and 
	{Quinn}, T. and {Stadel}, J.},
    title = "{Density Profiles and Substructure of Dark Matter Halos: Converging Results at Ultra-High Numerical Resolution}",
  journal = {\apj},
   eprint = {astro-ph/9910166},
 keywords = {Cosmology: Theory, Cosmology: Dark Matter, Galaxies: Clusters: General, Galaxies: Halos, Cosmology: Large-Scale Structure of Universe, Methods: Numerical},
     year = 2000,
    month = dec,
   volume = 544,
    pages = {616-628},
      doi = {10.1086/317221},
   adsurl = {http://adsabs.harvard.edu/abs/2000ApJ...544..616G},
  adsnote = {Provided by the SAO/NASA Astrophysics Data System}
}

@ARTICLE{PR12.1,
   author = {{Prada}, F. and {Klypin}, A.~A. and {Cuesta}, A.~J. and {Betancort-Rijo}, J.~E. and 
	{Primack}, J.},
    title = "{Halo concentrations in the standard {$\Lambda$} cold dark matter cosmology}",
  journal = {\mnras},
archivePrefix = "arXiv",
   eprint = {1104.5130},
 keywords = {galaxies: haloes, cosmology: theory, dark matter},
     year = 2012,
    month = jul,
   volume = 423,
    pages = {3018-3030},
      doi = {10.1111/j.1365-2966.2012.21007.x},
   adsurl = {http://adsabs.harvard.edu/abs/2012MNRAS.423.3018P},
  adsnote = {Provided by the SAO/NASA Astrophysics Data System}
}

@ARTICLE{DU14.1,
   author = {{Dutton}, A.~A. and {Macci{\`o}}, A.~V.},
    title = "{Cold dark matter haloes in the Planck era: evolution of structural parameters for Einasto and NFW profiles}",
  journal = {\mnras},
archivePrefix = "arXiv",
   eprint = {1402.7073},
 keywords = {methods: numerical, galaxies: haloes, cosmology: theory, dark matter},
     year = 2014,
    month = jul,
   volume = 441,
    pages = {3359-3374},
      doi = {10.1093/mnras/stu742},
   adsurl = {http://adsabs.harvard.edu/abs/2014MNRAS.441.3359D},
  adsnote = {Provided by the SAO/NASA Astrophysics Data System}
}

@ARTICLE{SE14.2,
   author = {{Sereno}, M. and {Ettori}, S.},
    title = "{Comparing Masses in Literature (CoMaLit)-I. Bias and scatter in weak lensing and X-ray mass estimates of clusters}",
  journal = {ArXiv e-prints},
archivePrefix = "arXiv",
   eprint = {1407.7868},
 keywords = {Astrophysics - Cosmology and Nongalactic Astrophysics},
     year = 2014,
    month = jul,
   adsurl = {http://adsabs.harvard.edu/abs/2014arXiv1407.7868S},
  adsnote = {Provided by the SAO/NASA Astrophysics Data System}
}

@ARTICLE{LU12.1,
   author = {{Ludlow}, A.~D. and {Navarro}, J.~F. and {Li}, M. and {Angulo}, R.~E. and 
	{Boylan-Kolchin}, M. and {Bett}, P.~E.},
    title = "{The dynamical state and mass-concentration relation of galaxy clusters}",
  journal = {\mnras},
archivePrefix = "arXiv",
   eprint = {1206.1049},
 keywords = {galaxies: clusters: general, cosmology: theory, dark matter},
     year = 2012,
    month = dec,
   volume = 427,
    pages = {1322-1328},
      doi = {10.1111/j.1365-2966.2012.21892.x},
   adsurl = {http://adsabs.harvard.edu/abs/2012MNRAS.427.1322L},
  adsnote = {Provided by the SAO/NASA Astrophysics Data System}
}

@PHDTHESIS{CR97.1,
   author = {{Craig}, M.~W.},
    title = "{At the Heart of Darkness: Cosmological Simulations of the Formation of Dark Matter Halos in Hierarchical Clustering Models}",
   school = {UNIVERSITY OF CALIFORNIA, BERKELEY},
     year = 1997,
   adsurl = {http://adsabs.harvard.edu/abs/1997PhDT........25C},
  adsnote = {Provided by the SAO/NASA Astrophysics Data System}
}

@ARTICLE{KR97.1,
   author = {{Kravtsov}, A.~V. and {Klypin}, A.~A. and {Khokhlov}, A.~M.},
    title = "{Adaptive Refinement Tree: A New High-Resolution N-Body Code for Cosmological Simulations}",
  journal = {\apjs},
   eprint = {astro-ph/9701195},
 keywords = {METHODS: NUMERICAL, COSMOLOGY: THEORY, COSMOLOGY: DARK MATTER, Methods: Numerical, Cosmology: Theory, Cosmology: Dark Matter},
     year = 1997,
    month = jul,
   volume = 111,
    pages = {73-94},
      doi = {10.1086/313015},
   adsurl = {http://adsabs.harvard.edu/abs/1997ApJS..111...73K},
  adsnote = {Provided by the SAO/NASA Astrophysics Data System}
}

@ARTICLE{SC95.1,
   author = {{Schneider}, P. and {Seitz}, C.},
    title = "{Steps towards nonlinear cluster inversion through gravitational distortions. 1: Basic considerations and circular clusters}",
  journal = {\aap},
   eprint = {astro-ph/9407032},
 keywords = {Dark Matter, Distortion, Galactic Clusters, Gravitational Effects, Gravitational Lenses, Inversions, Cosmology, Ellipticity, Invariance, Nonlinearity, Statistical Analysis},
     year = 1995,
    month = feb,
   volume = 294,
    pages = {411-431},
   adsurl = {http://adsabs.harvard.edu/abs/1995A%26A...294..411S},
  adsnote = {Provided by the SAO/NASA Astrophysics Data System}
}

@ARTICLE{RA13.1,
   author = {{Rasia}, E. and {Borgani}, S. and {Ettori}, S. and {Mazzotta}, P. and 
	{Meneghetti}, M.},
    title = "{On the Discrepancy between Theoretical and X-Ray Concentration-Mass Relations for Galaxy Clusters}",
  journal = {\apj},
archivePrefix = "arXiv",
   eprint = {1301.7476},
 primaryClass = "astro-ph.CO",
 keywords = {cosmology: theory, galaxies: clusters: general, galaxies: clusters: intracluster medium, methods: numerical, X-rays: galaxies: clusters },
     year = 2013,
    month = oct,
   volume = 776,
      eid = {39},
    pages = {39},
      doi = {10.1088/0004-637X/776/1/39},
   adsurl = {http://adsabs.harvard.edu/abs/2013ApJ...776...39R},
  adsnote = {Provided by the SAO/NASA Astrophysics Data System}
}

@ARTICLE{KL14.1,
   author = {{Klypin}, A. and {Yepes}, G. and {Gottlober}, S. and {Prada}, F. and 
	{Hess}, S.},
    title = "{MultiDark simulations: the story of dark matter halo concentrations and density profiles}",
  journal = {ArXiv e-prints},
archivePrefix = "arXiv",
   eprint = {1411.4001},
 keywords = {Astrophysics - Cosmology and Nongalactic Astrophysics},
     year = 2014,
    month = nov,
   adsurl = {http://adsabs.harvard.edu/abs/2014arXiv1411.4001K},
  adsnote = {Provided by the SAO/NASA Astrophysics Data System}
}

@ARTICLE{ME13.1,
   author = {{Meneghetti}, M. and {Rasia}, E.},
    title = "{Reconciling extremely different concentration-mass relations}",
  journal = {ArXiv e-prints},
archivePrefix = "arXiv",
   eprint = {1303.6158},
 primaryClass = "astro-ph.CO",
 keywords = {Astrophysics - Cosmology and Extragalactic Astrophysics},
     year = 2013,
    month = mar,
   adsurl = {http://adsabs.harvard.edu/abs/2013arXiv1303.6158M},
  adsnote = {Provided by the SAO/NASA Astrophysics Data System}
}

@ARTICLE{SE15.2,
   author = {{Sereno}, M. and {Giocoli}, C. and {Ettori}, S. and {Moscardini}, L.
	},
    title = "{The mass-concentration relation in lensing clusters: the role of statistical biases and selection effects}",
  journal = {\mnras},
archivePrefix = "arXiv",
   eprint = {1410.4568},
 keywords = {gravitational lensing: strong, gravitational lensing: weak, galaxies: clusters: general, dark matter},
     year = 2015,
    month = may,
   volume = 449,
    pages = {2024-2039},
      doi = {10.1093/mnras/stv416},
   adsurl = {http://adsabs.harvard.edu/abs/2015MNRAS.449.2024S},
  adsnote = {Provided by the SAO/NASA Astrophysics Data System}
}

@ARTICLE{ME14.2,
   author = {{Meneghetti}, M. and {Rasia}, E. and {Vega}, J. and {Merten}, J. and 
	{Postman}, M. and {Yepes}, G. and {Sembolini}, F. and {Donahue}, M. and 
	{Ettori}, S. and {Umetsu}, K. and {Balestra}, I. and {Bartelmann}, M. and 
	{Ben{\'{\i}}tez}, N. and {Biviano}, A. and {Bouwens}, R. and 
	{Bradley}, L. and {Broadhurst}, T. and {Coe}, D. and {Czakon}, N. and 
	{De Petris}, M. and {Ford}, H. and {Giocoli}, C. and {Gottl{\"o}ber}, S. and 
	{Grillo}, C. and {Infante}, L. and {Jouvel}, S. and {Kelson}, D. and 
	{Koekemoer}, A. and {Lahav}, O. and {Lemze}, D. and {Medezinski}, E. and 
	{Melchior}, P. and {Mercurio}, A. and {Molino}, A. and {Moscardini}, L. and 
	{Monna}, A. and {Moustakas}, J. and {Moustakas}, L.~A. and {Nonino}, M. and 
	{Rhodes}, J. and {Rosati}, P. and {Sayers}, J. and {Seitz}, S. and 
	{Zheng}, W. and {Zitrin}, A.},
    title = "{The MUSIC of CLASH: Predictions on the Concentration-Mass Relation}",
  journal = {\apj},
archivePrefix = "arXiv",
   eprint = {1404.1384},
 keywords = {dark matter, galaxies: clusters: general, gravitation lensing: weak, gravitational lensing: strong},
     year = 2014,
    month = dec,
   volume = 797,
      eid = {34},
    pages = {34},
      doi = {10.1088/0004-637X/797/1/34},
   adsurl = {http://adsabs.harvard.edu/abs/2014ApJ...797...34M},
  adsnote = {Provided by the SAO/NASA Astrophysics Data System}
}

@ARTICLE{OG09.2,
   author = {{Oguri}, M. and {Blandford}, R.~D.},
    title = "{What is the largest Einstein radius in the universe?}",
  journal = {\mnras},
archivePrefix = "arXiv",
   eprint = {0808.0192},
 keywords = {gravitational lensing , galaxies: clusters: general , cosmology: theory , dark matter},
     year = 2009,
    month = jan,
   volume = 392,
    pages = {930-944},
      doi = {10.1111/j.1365-2966.2008.14154.x},
   adsurl = {http://adsabs.harvard.edu/abs/2009MNRAS.392..930O},
  adsnote = {Provided by the SAO/NASA Astrophysics Data System}
}

@ARTICLE{PU05.1,
   author = {{Puchwein}, E. and {Bartelmann}, M. and {Dolag}, K. and {Meneghetti}, M.
	},
    title = "{The impact of gas physics on strong cluster lensing}",
  journal = {\aap},
   eprint = {astro-ph/0504206},
 keywords = {gravitational lensing, galaxies: clusters: general, hydrodynamics, cosmology: dark matter},
     year = 2005,
    month = nov,
   volume = 442,
    pages = {405-412},
      doi = {10.1051/0004-6361:20053216},
   adsurl = {http://adsabs.harvard.edu/abs/2005A%26A...442..405P},
  adsnote = {Provided by the SAO/NASA Astrophysics Data System}
}

@ARTICLE{WA08.1,
   author = {{Wambsganss}, J. and {Ostriker}, J.~P. and {Bode}, P.},
    title = "{The Effect of Baryon Cooling on the Statistics of Giant Arcs and Multiple Quasars}",
  journal = {\apj},
archivePrefix = "arXiv",
   eprint = {0707.1482},
 keywords = {Galaxies: Clusters: General, Cosmology: Gravitational Lensing, Galaxies: Quasars: General},
     year = 2008,
    month = apr,
   volume = 676,
    pages = {753-760},
      doi = {10.1086/527529},
   adsurl = {http://adsabs.harvard.edu/abs/2008ApJ...676..753W},
  adsnote = {Provided by the SAO/NASA Astrophysics Data System}
}

@ARTICLE{RO08.1,
   author = {{Rozo}, E. and {Nagai}, D. and {Keeton}, C. and {Kravtsov}, A.
	},
    title = "{The Impact of Baryonic Cooling on Giant Arc Abundances}",
  journal = {\apj},
   eprint = {astro-ph/0609621},
 keywords = {Cosmology: Theory},
     year = 2008,
    month = nov,
   volume = 687,
    pages = {22-38},
      doi = {10.1086/589955},
   adsurl = {http://adsabs.harvard.edu/abs/2008ApJ...687...22R},
  adsnote = {Provided by the SAO/NASA Astrophysics Data System}
}

@ARTICLE{LI13.1,
   author = {{Limousin}, M. and {Morandi}, A. and {Sereno}, M. and {Meneghetti}, M. and 
	{Ettori}, S. and {Bartelmann}, M. and {Verdugo}, T.},
    title = "{The Three-Dimensional Shapes of Galaxy Clusters}",
  journal = {\ssr},
archivePrefix = "arXiv",
   eprint = {1210.3067},
 keywords = {Cosmology, Galaxy clusters, Triaxiality, Gravitational lensing, X-Rays, Sunyaev Zel'dovich},
     year = 2013,
    month = aug,
   volume = 177,
    pages = {155-194},
      doi = {10.1007/s11214-013-9980-y},
   adsurl = {http://adsabs.harvard.edu/abs/2013SSRv..177..155L},
  adsnote = {Provided by the SAO/NASA Astrophysics Data System}
}

@ARTICLE{AM07.1,
   author = {{Ameglio}, S. and {Borgani}, S. and {Pierpaoli}, E. and {Dolag}, K.
	},
    title = "{Joint deprojection of Sunyaev-Zeldovich and X-ray images of galaxy clusters}",
  journal = {\mnras},
archivePrefix = "arXiv",
   eprint = {0708.3737},
 keywords = {methods: numerical, galaxies: clusters: general, cosmology: miscellaneous, large-scale structure of Universe},
     year = 2007,
    month = nov,
   volume = 382,
    pages = {397-411},
      doi = {10.1111/j.1365-2966.2007.12384.x},
   adsurl = {http://adsabs.harvard.edu/abs/2007MNRAS.382..397A},
  adsnote = {Provided by the SAO/NASA Astrophysics Data System}
}

@ARTICLE{SE12.1,
   author = {{Sereno}, M. and {Ettori}, S. and {Baldi}, A.},
    title = "{Shape and orientation of the gas distribution in A1689}",
  journal = {\mnras},
archivePrefix = "arXiv",
   eprint = {1109.2732},
 keywords = {methods: statistical, galaxies: clusters: general, galaxies: clusters: individual: Abell 1689, cosmology: observations},
     year = 2012,
    month = jan,
   volume = 419,
    pages = {2646-2656},
      doi = {10.1111/j.1365-2966.2011.19914.x},
   adsurl = {http://adsabs.harvard.edu/abs/2012MNRAS.419.2646S},
  adsnote = {Provided by the SAO/NASA Astrophysics Data System}
}

@ARTICLE{SE15.3,
   author = {{Sereno}, M. and {Ettori}, S.},
    title = "{CoMaLit - IV. Evolution and self-similarity of scaling relations with the galaxy cluster mass}",
  journal = {\mnras},
archivePrefix = "arXiv",
   eprint = {1502.05413},
 keywords = {gravitational lensing: weak, catalogues, galaxies: clusters: general},
     year = 2015,
    month = jul,
   volume = 450,
    pages = {3675-3695},
      doi = {10.1093/mnras/stv814},
   adsurl = {http://adsabs.harvard.edu/abs/2015MNRAS.450.3675S},
  adsnote = {Provided by the SAO/NASA Astrophysics Data System}
}

@ARTICLE{VI09.2,
   author = {{Vikhlinin}, A. and {Kravtsov}, A.~V. and {Burenin}, R.~A. and 
	{Ebeling}, H. and {Forman}, W.~R. and {Hornstrup}, A. and {Jones}, C. and 
	{Murray}, S.~S. and {Nagai}, D. and {Quintana}, H. and {Voevodkin}, A.
	},
    title = "{Chandra Cluster Cosmology Project III: Cosmological Parameter Constraints}",
  journal = {\apj},
archivePrefix = "arXiv",
   eprint = {0812.2720},
 keywords = {cosmological parameters, cosmology: observations, galaxies: clusters: general, dark matter, surveys},
     year = 2009,
    month = feb,
   volume = 692,
    pages = {1060-1074},
      doi = {10.1088/0004-637X/692/2/1060},
   adsurl = {http://adsabs.harvard.edu/abs/2009ApJ...692.1060V},
  adsnote = {Provided by the SAO/NASA Astrophysics Data System}
}

@ARTICLE{MA10.1,
   author = {{Mantz}, A. and {Allen}, S.~W. and {Rapetti}, D. and {Ebeling}, H.
	},
    title = "{The observed growth of massive galaxy clusters - I. Statistical methods and cosmological constraints}",
  journal = {\mnras},
archivePrefix = "arXiv",
   eprint = {0909.3098},
 keywords = {cosmological parameters, cosmology: observations, large-scale structure of Universe, X-rays: galaxies: clusters},
     year = 2010,
    month = aug,
   volume = 406,
    pages = {1759-1772},
      doi = {10.1111/j.1365-2966.2010.16992.x},
   adsurl = {http://adsabs.harvard.edu/abs/2010MNRAS.406.1759M},
  adsnote = {Provided by the SAO/NASA Astrophysics Data System}
}

@ARTICLE{MA14.1,
   author = {{Mantz}, A.~B. and {Allen}, S.~W. and {Morris}, R.~G. and {Rapetti}, D.~A. and 
	{Applegate}, D.~E. and {Kelly}, P.~L. and {von der Linden}, A. and 
	{Schmidt}, R.~W.},
    title = "{Cosmology and astrophysics from relaxed galaxy clusters - II. Cosmological constraints}",
  journal = {\mnras},
archivePrefix = "arXiv",
   eprint = {1402.6212},
 keywords = {galaxies: clusters: general, cosmological parameters, cosmology: observations, dark matter, distance scale, X-rays: galaxies: clusters},
     year = 2014,
    month = may,
   volume = 440,
    pages = {2077-2098},
      doi = {10.1093/mnras/stu368},
   adsurl = {http://adsabs.harvard.edu/abs/2014MNRAS.440.2077M},
  adsnote = {Provided by the SAO/NASA Astrophysics Data System}
}

@ARTICLE{RO10.1,
   author = {{Rozo}, E. and {Wechsler}, R.~H. and {Rykoff}, E.~S. and {Annis}, J.~T. and 
	{Becker}, M.~R. and {Evrard}, A.~E. and {Frieman}, J.~A. and 
	{Hansen}, S.~M. and {Hao}, J. and {Johnston}, D.~E. and {Koester}, B.~P. and 
	{McKay}, T.~A. and {Sheldon}, E.~S. and {Weinberg}, D.~H.},
    title = "{Cosmological Constraints from the Sloan Digital Sky Survey maxBCG Cluster Catalog}",
  journal = {\apj},
archivePrefix = "arXiv",
   eprint = {0902.3702},
 primaryClass = "astro-ph.CO",
 keywords = {cosmological parameters, cosmology: observations, large-scale structure of universe},
     year = 2010,
    month = jan,
   volume = 708,
    pages = {645-660},
      doi = {10.1088/0004-637X/708/1/645},
   adsurl = {http://adsabs.harvard.edu/abs/2010ApJ...708..645R},
  adsnote = {Provided by the SAO/NASA Astrophysics Data System}
}

@ARTICLE{GO01.1,
   author = {{Gott}, III, J.~R. and {Vogeley}, M.~S. and {Podariu}, S. and 
	{Ratra}, B.},
    title = "{Median Statistics, H$_{0}$, and the Accelerating Universe}",
  journal = {\apj},
   eprint = {astro-ph/0006103},
 keywords = {Cosmology: Distance Scale, Cosmology: Large-Scale Structure of Universe, Methods: Data Analysis, Methods: Statistical, Planets and Satellites: Individual: Pluto, Stars: Supernovae: General},
     year = 2001,
    month = mar,
   volume = 549,
    pages = {1-17},
      doi = {10.1086/319055},
   adsurl = {http://adsabs.harvard.edu/abs/2001ApJ...549....1G},
  adsnote = {Provided by the SAO/NASA Astrophysics Data System}
}

@ARTICLE{PI11.1,
   author = {{Piffaretti}, R. and {Arnaud}, M. and {Pratt}, G.~W. and {Pointecouteau}, E. and 
	{Melin}, J.-B.},
    title = "{The MCXC: a meta-catalogue of x-ray detected clusters of galaxies}",
  journal = {\aap},
archivePrefix = "arXiv",
   eprint = {1007.1916},
 keywords = {X-rays: galaxies: clusters, cosmology: observations, large-scale structure of Universe, galaxies: clusters: general, catalogs},
     year = 2011,
    month = oct,
   volume = 534,
      eid = {A109},
    pages = {A109},
      doi = {10.1051/0004-6361/201015377},
   adsurl = {http://adsabs.harvard.edu/abs/2011A%26A...534A.109P},
  adsnote = {Provided by the SAO/NASA Astrophysics Data System}
}

@ARTICLE{RI13.1,
   author = {{Rines}, K. and {Geller}, M.~J. and {Diaferio}, A. and {Kurtz}, M.~J.
	},
    title = "{Measuring the Ultimate Halo Mass of Galaxy Clusters: Redshifts and Mass Profiles from the Hectospec Cluster Survey (HeCS)}",
  journal = {\apj},
archivePrefix = "arXiv",
   eprint = {1209.3786},
 keywords = {cosmology: observations, galaxies: clusters: general, galaxies: kinematics and dynamics},
     year = 2013,
    month = apr,
   volume = 767,
      eid = {15},
    pages = {15},
      doi = {10.1088/0004-637X/767/1/15},
   adsurl = {http://adsabs.harvard.edu/abs/2013ApJ...767...15R},
  adsnote = {Provided by the SAO/NASA Astrophysics Data System}
}

@ARTICLE{CO15.2,
   author = {{Correa}, C.~A. and {Wyithe}, J.~S.~B. and {Schaye}, J. and 
	{Duffy}, A.~R.},
    title = "{The accretion history of dark matter haloes - III. A physical model for the concentration-mass relation}",
  journal = {\mnras},
archivePrefix = "arXiv",
   eprint = {1502.00391},
 keywords = {methods: analytical, methods: numerical, galaxies: haloes, cosmology: theory},
     year = 2015,
    month = sep,
   volume = 452,
    pages = {1217-1232},
      doi = {10.1093/mnras/stv1363},
   adsurl = {http://adsabs.harvard.edu/abs/2015MNRAS.452.1217C},
  adsnote = {Provided by the SAO/NASA Astrophysics Data System}
}

%%%%%%%%%%%%%%%%%%%%%%%%%
%%%%% Third Project %%%%%
%%%%%%%%%%%%%%%%%%%%%%%%%

@ARTICLE{ZH09.1,
   author = {{Zhang}, Y. and {Yang}, X. and {Faltenbacher}, A. and {Springel}, V. and 
	{Lin}, W. and {Wang}, H.},
    title = "{The Spin and Orientation of Dark Matter Halos Within Cosmic Filaments}",
  journal = {\apj},
archivePrefix = "arXiv",
   eprint = {0906.1654},
 primaryClass = "astro-ph.GA",
 keywords = {dark matter, galaxies: halos, large-scale structure of universe, methods: data analysis},
     year = 2009,
    month = nov,
   volume = 706,
    pages = {747-761},
      doi = {10.1088/0004-637X/706/1/747},
   adsurl = {http://adsabs.harvard.edu/abs/2009ApJ...706..747Z},
  adsnote = {Provided by the SAO/NASA Astrophysics Data System}
}

@ARTICLE{PA11.1,
   author = {{Paz}, D.~J. and {Sgr{\'o}}, M.~A. and {Merch{\'a}n}, M. and 
	{Padilla}, N.},
    title = "{Alignments of galaxy group shapes with large-scale structure}",
  journal = {\mnras},
archivePrefix = "arXiv",
   eprint = {1102.2229},
 keywords = {galaxies: groups: general, dark matter, large-scale structure of Universe},
     year = 2011,
    month = jul,
   volume = 414,
    pages = {2029-2039},
      doi = {10.1111/j.1365-2966.2011.18518.x},
   adsurl = {http://adsabs.harvard.edu/abs/2011MNRAS.414.2029P},
  adsnote = {Provided by the SAO/NASA Astrophysics Data System}
}

@ARTICLE{KA05.1,
   author = {{Kasun}, S.~F. and {Evrard}, A.~E.},
    title = "{Shapes and Alignments of Galaxy Cluster Halos}",
  journal = {\apj},
   eprint = {astro-ph/0408056},
 keywords = {Cosmology: Theory, Galaxies: Clusters: General, Cosmology: Large-Scale Structure of Universe},
     year = 2005,
    month = aug,
   volume = 629,
    pages = {781-790},
      doi = {10.1086/430811},
   adsurl = {http://adsabs.harvard.edu/abs/2005ApJ...629..781K},
  adsnote = {Provided by the SAO/NASA Astrophysics Data System}
}

@ARTICLE{AL06.1,
   author = {{Allgood}, B. and {Flores}, R.~A. and {Primack}, J.~R. and {Kravtsov}, A.~V. and 
	{Wechsler}, R.~H. and {Faltenbacher}, A. and {Bullock}, J.~S.
	},
    title = "{The shape of dark matter haloes: dependence on mass, redshift, radius and formation}",
  journal = {\mnras},
   eprint = {astro-ph/0508497},
 keywords = {galaxies: formation, galaxies: haloes, cosmology: theory, large-scale structure of Universe},
     year = 2006,
    month = apr,
   volume = 367,
    pages = {1781-1796},
      doi = {10.1111/j.1365-2966.2006.10094.x},
   adsurl = {http://adsabs.harvard.edu/abs/2006MNRAS.367.1781A},
  adsnote = {Provided by the SAO/NASA Astrophysics Data System}
}

@ARTICLE{BE07.1,
   author = {{Bett}, P. and {Eke}, V. and {Frenk}, C.~S. and {Jenkins}, A. and 
	{Helly}, J. and {Navarro}, J.},
    title = "{The spin and shape of dark matter haloes in the Millennium simulation of a {$\Lambda$} cold dark matter universe}",
  journal = {\mnras},
   eprint = {astro-ph/0608607},
 keywords = {methods: N-body simulations, galaxies: haloes, dark matter},
     year = 2007,
    month = mar,
   volume = 376,
    pages = {215-232},
      doi = {10.1111/j.1365-2966.2007.11432.x},
   adsurl = {http://adsabs.harvard.edu/abs/2007MNRAS.376..215B},
  adsnote = {Provided by the SAO/NASA Astrophysics Data System}
}

@ARTICLE{CO05.1,
   author = {{Colberg}, J.~M. and {Krughoff}, K.~S. and {Connolly}, A.~J.
	},
    title = "{Intercluster filaments in a {$\Lambda$}CDM Universe}",
  journal = {\mnras},
   eprint = {astro-ph/0406665},
 keywords = {methods: N-body simulations, cosmology: theory, dark matter, large-scale structure of Universe},
     year = 2005,
    month = may,
   volume = 359,
    pages = {272-282},
      doi = {10.1111/j.1365-2966.2005.08897.x},
   adsurl = {http://adsabs.harvard.edu/abs/2005MNRAS.359..272C},
  adsnote = {Provided by the SAO/NASA Astrophysics Data System}
}

@ARTICLE{BA06.1,
   author = {{Basilakos}, S. and {Plionis}, M. and {Yepes}, G. and {Gottl{\"o}ber}, S. and 
	{Turchaninov}, V.},
    title = "{The shape-alignment relation in {$\Lambda$} cold dark matter cosmic structures}",
  journal = {\mnras},
   eprint = {astro-ph/0505620},
 keywords = {galaxies: clusters: general, cosmology: theory, large-scale structure of Universe},
     year = 2006,
    month = jan,
   volume = 365,
    pages = {539-547},
      doi = {10.1111/j.1365-2966.2005.09731.x},
   adsurl = {http://adsabs.harvard.edu/abs/2006MNRAS.365..539B},
  adsnote = {Provided by the SAO/NASA Astrophysics Data System}
}

@ARTICLE{AL06.2,
   author = {{Altay}, G. and {Colberg}, J.~M. and {Croft}, R.~A.~C.},
    title = "{The influence of large-scale structures on halo shapes and alignments}",
  journal = {\mnras},
   eprint = {astro-ph/0605296},
 keywords = {cosmology: observations: large-scale structure of Universe, cosmology: observations, large-scale structure of Universe},
     year = 2006,
    month = aug,
   volume = 370,
    pages = {1422-1428},
      doi = {10.1111/j.1365-2966.2006.10555.x},
   adsurl = {http://adsabs.harvard.edu/abs/2006MNRAS.370.1422A},
  adsnote = {Provided by the SAO/NASA Astrophysics Data System}
}

@ARTICLE{AR07.1,
   author = {{Arag{\'o}n-Calvo}, M.~A. and {van de Weygaert}, R. and {Jones}, B.~J.~T. and 
	{van der Hulst}, J.~M.},
    title = "{Spin Alignment of Dark Matter Halos in Filaments and Walls}",
  journal = {\apjl},
   eprint = {astro-ph/0610249},
 keywords = {Galaxy: Formation, Cosmology: Large-Scale Structure of Universe},
     year = 2007,
    month = jan,
   volume = 655,
    pages = {L5-L8},
      doi = {10.1086/511633},
   adsurl = {http://adsabs.harvard.edu/abs/2007ApJ...655L...5A},
  adsnote = {Provided by the SAO/NASA Astrophysics Data System}
}

@ARTICLE{SP97.1,
   author = {{Splinter}, R.~J. and {Melott}, A.~L. and {Linn}, A.~M. and 
	{Buck}, C. and {Tinker}, J.},
    title = "{The Ellipticity and Orientation of Clusters of Galaxies in N-Body Experiments}",
  journal = {\apj},
   eprint = {astro-ph/9607144},
 keywords = {Cosmology: Theory, Galaxies: Clusters: General, Methods: Numerical},
     year = 1997,
    month = apr,
   volume = 479,
    pages = {632-641},
   adsurl = {http://adsabs.harvard.edu/abs/1997ApJ...479..632S},
  adsnote = {Provided by the SAO/NASA Astrophysics Data System}
}

@ARTICLE{VA93.1,
   author = {{van Haarlem}, M. and {van de Weygaert}, R.},
    title = "{Velocity Fields and Alignments of Clusters in Gravitational Instability Scenarios}",
  journal = {\apj},
 keywords = {COSMOLOGY: LARGE-SCALE STRUCTURE OF UNIVERSE, COSMOLOGY: THEORY, GALAXIES: CLUSTERING, METHODS: NUMERICAL},
     year = 1993,
    month = dec,
   volume = 418,
    pages = {544},
      doi = {10.1086/173416},
   adsurl = {http://adsabs.harvard.edu/abs/1993ApJ...418..544V},
  adsnote = {Provided by the SAO/NASA Astrophysics Data System}
}

@ARTICLE{HA03.1,
   author = {{Hawkins}, E. and {Maddox}, S. and {Cole}, S. and {Lahav}, O. and 
	{Madgwick}, D.~S. and {Norberg}, P. and {Peacock}, J.~A. and 
	{Baldry}, I.~K. and {Baugh}, C.~M. and {Bland-Hawthorn}, J. and 
	{Bridges}, T. and {Cannon}, R. and {Colless}, M. and {Collins}, C. and 
	{Couch}, W. and {Dalton}, G. and {De Propris}, R. and {Driver}, S.~P. and 
	{Efstathiou}, G. and {Ellis}, R.~S. and {Frenk}, C.~S. and {Glazebrook}, K. and 
	{Jackson}, C. and {Jones}, B. and {Lewis}, I. and {Lumsden}, S. and 
	{Percival}, W. and {Peterson}, B.~A. and {Sutherland}, W. and 
	{Taylor}, K.},
    title = "{The 2dF Galaxy Redshift Survey: correlation functions, peculiar velocities and the matter density of the Universe}",
  journal = {\mnras},
   eprint = {astro-ph/0212375},
 keywords = {surveys, galaxies: distances and redshifts, galaxies: statistics, cosmological parameters, large-scale structure of Universe},
     year = 2003,
    month = nov,
   volume = 346,
    pages = {78-96},
      doi = {10.1046/j.1365-2966.2003.07063.x},
   adsurl = {http://adsabs.harvard.edu/abs/2003MNRAS.346...78H},
  adsnote = {Provided by the SAO/NASA Astrophysics Data System}
}

@ARTICLE{SV15.1,
   author = {{Svensmark}, J. and {Wojtak}, R. and {Hansen}, S.~H.},
    title = "{Effect of asphericity in caustic mass estimates of galaxy clusters}",
  journal = {\mnras},
archivePrefix = "arXiv",
   eprint = {1405.0284},
 keywords = {galaxies: clusters: general, galaxies: kinematics and dynamics, large-scale structure of Universe},
     year = 2015,
    month = apr,
   volume = 448,
    pages = {1644-1659},
      doi = {10.1093/mnras/stu2686},
   adsurl = {http://adsabs.harvard.edu/abs/2015MNRAS.448.1644S},
  adsnote = {Provided by the SAO/NASA Astrophysics Data System}
}

@ARTICLE{BU07.1,
   author = {{Buote}, D.~A. and {Gastaldello}, F. and {Humphrey}, P.~J. and 
	{Zappacosta}, L. and {Bullock}, J.~S. and {Brighenti}, F. and 
	{Mathews}, W.~G.},
    title = "{The X-Ray Concentration-Virial Mass Relation}",
  journal = {\apj},
   eprint = {astro-ph/0610135},
 keywords = {Cosmology: Cosmological Parameters, Cosmology: Observations, Cosmology: Dark Matter, X-Rays: Galaxies, X-Rays: Galaxies: Clusters},
     year = 2007,
    month = jul,
   volume = 664,
    pages = {123-134},
      doi = {10.1086/518684},
   adsurl = {http://adsabs.harvard.edu/abs/2007ApJ...664..123B},
  adsnote = {Provided by the SAO/NASA Astrophysics Data System}
}

@ARTICLE{KO07.1,
   author = {{Koester}, B.~P. and {McKay}, T.~A. and {Annis}, J. and {Wechsler}, R.~H. and 
	{Evrard}, A. and {Bleem}, L. and {Becker}, M. and {Johnston}, D. and 
	{Sheldon}, E. and {Nichol}, R. and {Miller}, C. and {Scranton}, R. and 
	{Bahcall}, N. and {Barentine}, J. and {Brewington}, H. and {Brinkmann}, J. and 
	{Harvanek}, M. and {Kleinman}, S. and {Krzesinski}, J. and {Long}, D. and 
	{Nitta}, A. and {Schneider}, D.~P. and {Sneddin}, S. and {Voges}, W. and 
	{York}, D.},
    title = "{A MaxBCG Catalog of 13,823 Galaxy Clusters from the Sloan Digital Sky Survey}",
  journal = {\apj},
   eprint = {astro-ph/0701265},
 keywords = {Galaxies: Clusters: General},
     year = 2007,
    month = may,
   volume = 660,
    pages = {239-255},
      doi = {10.1086/509599},
   adsurl = {http://adsabs.harvard.edu/abs/2007ApJ...660..239K},
  adsnote = {Provided by the SAO/NASA Astrophysics Data System}
}