@ARTICLE{PradaEtAl2012,
   author = {{Prada}, F. and {Klypin}, A.~A. and {Cuesta}, A.~J. and {Betancort-Rijo}, J.~E. and 
	{Primack}, J.},
    title = "{Halo concentrations in the standard {$\Lambda$} cold dark matter cosmology}",
  journal = {\mnras},
archivePrefix = "arXiv",
   eprint = {1104.5130},
 primaryClass = "astro-ph.CO",
 keywords = {galaxies: haloes, cosmology: theory, dark matter},
     year = 2012,
    month = jul,
   volume = 423,
    pages = {3018-3030},
      doi = {10.1111/j.1365-2966.2012.21007.x},
   adsurl = {http://adsabs.harvard.edu/abs/2012MNRAS.423.3018P},
  adsnote = {Provided by the SAO/NASA Astrophysics Data System}
}

@ARTICLE{ShawEtAl2006,
   author = {{Shaw}, L.~D. and {Weller}, J. and {Ostriker}, J.~P. and {Bode}, P.
	},
    title = "{Statistics of Physical Properties of Dark Matter Clusters}",
  journal = {\apj},
   eprint = {astro-ph/0509856},
 keywords = {Cosmology: Dark Matter, Galaxies: Clusters: General, Methods: n-Body Simulations},
     year = 2006,
    month = aug,
   volume = 646,
    pages = {815-833},
      doi = {10.1086/505016},
   adsurl = {http://adsabs.harvard.edu/abs/2006ApJ...646..815S},
  adsnote = {Provided by the SAO/NASA Astrophysics Data System}
}

@ARTICLE{KravtsovEtAl1997,
   author = {{Kravtsov}, A.~V. and {Klypin}, A.~A. and {Khokhlov}, A.~M.},
    title = "{Adaptive Refinement Tree: A New High-Resolution N-Body Code for Cosmological Simulations}",
  journal = {\apjs},
   eprint = {astro-ph/9701195},
 keywords = {METHODS: NUMERICAL, COSMOLOGY: THEORY, COSMOLOGY: DARK MATTER, Methods: Numerical, Cosmology: Theory, Cosmology: Dark Matter},
     year = 1997,
    month = jul,
   volume = 111,
    pages = {73-94},
      doi = {10.1086/313015},
   adsurl = {http://adsabs.harvard.edu/abs/1997ApJS..111...73K},
  adsnote = {Provided by the SAO/NASA Astrophysics Data System}
}

@ARTICLE{DAgostini2004,
   author = {{D'Agostini}, G.},
    title = "{Asymmetric Uncertainties: Sources, Treatment and Potential Dangers}",
  journal = {ArXiv Physics e-prints},
   eprint = {physics/0403086},
 keywords = {Physics - Data Analysis, Statistics and Probability, Astrophysics, High Energy Physics - Phenomenology},
     year = 2004,
    month = mar,
   adsurl = {http://adsabs.harvard.edu/abs/2004physics...3086D},
  adsnote = {Provided by the SAO/NASA Astrophysics Data System}
}

@ARTICLE{HuKravtsov2003,
   author = {{Hu}, W. and {Kravtsov}, A.~V.},
    title = "{Sample Variance Considerations for Cluster Surveys}",
  journal = {\apj},
   eprint = {astro-ph/0203169},
 keywords = {Cosmology: Cosmological Parameters, Cosmology: Theory, Galaxies: Clusters: General, Cosmology: Large-Scale Structure of Universe},
     year = 2003,
    month = feb,
   volume = 584,
    pages = {702-715},
      doi = {10.1086/345846},
   adsurl = {http://adsabs.harvard.edu/abs/2003ApJ...584..702H},
  adsnote = {Provided by the SAO/NASA Astrophysics Data System}
}

@ARTICLE{SerenoEttori2014,
   author = {{Sereno}, M. and {Ettori}, S.},
    title = "{Comparing Masses in Literature (CoMaLit)-I. Bias and scatter in weak lensing and X-ray mass estimates of clusters}",
  journal = {ArXiv e-prints},
archivePrefix = "arXiv",
   eprint = {1407.7868},
 keywords = {Astrophysics - Cosmology and Nongalactic Astrophysics},
     year = 2014,
    month = jul,
   adsurl = {http://adsabs.harvard.edu/abs/2014arXiv1407.7868S},
  adsnote = {Provided by the SAO/NASA Astrophysics Data System}
}

@ARTICLE{CN07,
   author = {{Comerford}, J.~M. and {Natarajan}, P.},
    title = "{The observed concentration-mass relation for galaxy clusters}",
  journal = {\mnras},
   eprint = {astro-ph/0703126},
 keywords = {gravitational lensing, galaxies: clusters: general, cosmology: observations, dark matter},
     year = 2007,
    month = jul,
   volume = 379,
    pages = {190-200},
      doi = {10.1111/j.1365-2966.2007.11934.x},
   adsurl = {http://adsabs.harvard.edu/abs/2007MNRAS.379..190C},
  adsnote = {Provided by the SAO/NASA Astrophysics Data System}
}

@ARTICLE{GG14,
   author = {{Groener}, A.~M. and {Goldberg}, D.~M.},
    title = "{Shape Profiles and Orientation Bias for Weak and Strong Lensing Cluster Halos}",
  journal = {\apj},
archivePrefix = "arXiv",
   eprint = {1405.2035},
 keywords = {dark matter, galaxies: clusters: general, gravitational lensing: strong, gravitational lensing: weak },
     year = 2014,
    month = nov,
   volume = 795,
      eid = {153},
    pages = {153},
      doi = {10.1088/0004-637X/795/2/153},
   adsurl = {http://adsabs.harvard.edu/abs/2014ApJ...795..153G},
  adsnote = {Provided by the SAO/NASA Astrophysics Data System}
}
